Time,Stock,Action,Qty,Price,P/L,Note
11:15:38,SKC,BUY,1,133720.0,0.0,"{'rt_cd': '7', 'msg_cd': 'APBN0678', 'msg1': '비밀번호 1회 오류입니다.(5회 오류시 거래불가!!!)'}"
11:19:13,SKC,BUY,1,133720.0,0.0,"{'rt_cd': '7', 'msg_cd': 'APBN0682', 'msg1': '비밀번호 3회 오류입니다.(5회 오류시 거래불가!!!)'}"
11:19:13,LS ELECTRIC,BUY,1,484180.0,0.0,"{'rt_cd': '7', 'msg_cd': 'APBN0684', 'msg1': '비밀번호 4회 오류입니다.(5회 오류시 거래불가!!)'}"
11:19:16,SKC,BUY,1,133720.0,0.0,"{'rt_cd': '7', 'msg_cd': 'APAC0285', 'msg1': '비밀번호 [5회] 오류입니다.(5회 오류시 거래불가!!!)'}"
11:19:16,LS ELECTRIC,BUY,1,484180.0,0.0,"{'rt_cd': '7', 'msg_cd': 'APAC0289', 'msg1': '비밀번호 5회 오류[인터넷뱅킹-계좌비밀번호 오류해제(재등록) 요망]'}"
11:19:19,SKC,BUY,1,133720.0,0.0,"{'rt_cd': '7', 'msg_cd': 'APAC0289', 'msg1': '비밀번호 5회 오류[인터넷뱅킹-계좌비밀번호 오류해제(재등록) 요망]'}"
11:19:20,LS ELECTRIC,BUY,1,484180.0,0.0,"{'rt_cd': '7', 'msg_cd': 'APAC0289', 'msg1': '비밀번호 5회 오류[인터넷뱅킹-계좌비밀번호 오류해제(재등록) 요망]'}"
11:19:23,SKC,BUY,1,133720.0,0.0,"{'rt_cd': '7', 'msg_cd': 'APAC0289', 'msg1': '비밀번호 5회 오류[인터넷뱅킹-계좌비밀번호 오류해제(재등록) 요망]'}"
11:19:23,LS ELECTRIC,BUY,1,484180.0,0.0,"{'rt_cd': '7', 'msg_cd': 'APAC0289', 'msg1': '비밀번호 5회 오류[인터넷뱅킹-계좌비밀번호 오류해제(재등록) 요망]'}"
11:19:26,SKC,BUY,1,133720.0,0.0,"{'rt_cd': '7', 'msg_cd': 'APAC0289', 'msg1': '비밀번호 5회 오류[인터넷뱅킹-계좌비밀번호 오류해제(재등록) 요망]'}"
11:19:26,LS ELECTRIC,BUY,1,484180.0,0.0,"{'rt_cd': '7', 'msg_cd': 'APAC0289', 'msg1': '비밀번호 5회 오류[인터넷뱅킹-계좌비밀번호 오류해제(재등록) 요망]'}"
11:19:30,SKC,BUY,1,133720.0,0.0,"{'rt_cd': '7', 'msg_cd': 'APAC0289', 'msg1': '비밀번호 5회 오류[인터넷뱅킹-계좌비밀번호 오류해제(재등록) 요망]'}"
11:19:30,LS ELECTRIC,BUY,1,484180.0,0.0,"{'rt_cd': '7', 'msg_cd': 'APAC0289', 'msg1': '비밀번호 5회 오류[인터넷뱅킹-계좌비밀번호 오류해제(재등록) 요망]'}"
11:19:33,SKC,BUY,1,133720.0,0.0,"{'rt_cd': '7', 'msg_cd': 'APAC0289', 'msg1': '비밀번호 5회 오류[인터넷뱅킹-계좌비밀번호 오류해제(재등록) 요망]'}"
11:19:33,LS ELECTRIC,BUY,1,484180.0,0.0,"{'rt_cd': '7', 'msg_cd': 'APAC0289', 'msg1': '비밀번호 5회 오류[인터넷뱅킹-계좌비밀번호 오류해제(재등록) 요망]'}"
11:19:37,SKC,BUY,1,133720.0,0.0,"{'rt_cd': '7', 'msg_cd': 'APAC0289', 'msg1': '비밀번호 5회 오류[인터넷뱅킹-계좌비밀번호 오류해제(재등록) 요망]'}"
11:19:37,LS ELECTRIC,BUY,1,484180.0,0.0,"{'rt_cd': '7', 'msg_cd': 'APAC0289', 'msg1': '비밀번호 5회 오류[인터넷뱅킹-계좌비밀번호 오류해제(재등록) 요망]'}"
11:19:40,SKC,BUY,1,133720.0,0.0,"{'rt_cd': '7', 'msg_cd': 'APAC0289', 'msg1': '비밀번호 5회 오류[인터넷뱅킹-계좌비밀번호 오류해제(재등록) 요망]'}"
11:19:40,LS ELECTRIC,BUY,1,484180.0,0.0,"{'rt_cd': '7', 'msg_cd': 'APAC0289', 'msg1': '비밀번호 5회 오류[인터넷뱅킹-계좌비밀번호 오류해제(재등록) 요망]'}"
11:19:44,SKC,BUY,1,133720.0,0.0,"{'rt_cd': '7', 'msg_cd': 'APAC0289', 'msg1': '비밀번호 5회 오류[인터넷뱅킹-계좌비밀번호 오류해제(재등록) 요망]'}"
11:19:44,LS ELECTRIC,BUY,1,484180.0,0.0,"{'rt_cd': '7', 'msg_cd': 'APAC0289', 'msg1': '비밀번호 5회 오류[인터넷뱅킹-계좌비밀번호 오류해제(재등록) 요망]'}"
11:19:47,SKC,BUY,1,133720.0,0.0,"{'rt_cd': '7', 'msg_cd': 'APAC0289', 'msg1': '비밀번호 5회 오류[인터넷뱅킹-계좌비밀번호 오류해제(재등록) 요망]'}"
11:19:47,LS ELECTRIC,BUY,1,484180.0,0.0,"{'rt_cd': '7', 'msg_cd': 'APAC0289', 'msg1': '비밀번호 5회 오류[인터넷뱅킹-계좌비밀번호 오류해제(재등록) 요망]'}"
11:19:51,SKC,BUY,1,133720.0,0.0,"{'rt_cd': '7', 'msg_cd': 'APAC0289', 'msg1': '비밀번호 5회 오류[인터넷뱅킹-계좌비밀번호 오류해제(재등록) 요망]'}"
11:19:51,LS ELECTRIC,BUY,1,484180.0,0.0,"{'rt_cd': '7', 'msg_cd': 'APAC0289', 'msg1': '비밀번호 5회 오류[인터넷뱅킹-계좌비밀번호 오류해제(재등록) 요망]'}"
11:19:54,SKC,BUY,1,133720.0,0.0,"{'rt_cd': '7', 'msg_cd': 'APAC0289', 'msg1': '비밀번호 5회 오류[인터넷뱅킹-계좌비밀번호 오류해제(재등록) 요망]'}"
11:19:54,LS ELECTRIC,BUY,1,484180.0,0.0,"{'rt_cd': '7', 'msg_cd': 'APAC0289', 'msg1': '비밀번호 5회 오류[인터넷뱅킹-계좌비밀번호 오류해제(재등록) 요망]'}"
11:19:58,SKC,BUY,1,133720.0,0.0,"{'rt_cd': '7', 'msg_cd': 'APAC0289', 'msg1': '비밀번호 5회 오류[인터넷뱅킹-계좌비밀번호 오류해제(재등록) 요망]'}"
11:19:58,LS ELECTRIC,BUY,1,484180.0,0.0,"{'rt_cd': '7', 'msg_cd': 'APAC0289', 'msg1': '비밀번호 5회 오류[인터넷뱅킹-계좌비밀번호 오류해제(재등록) 요망]'}"
11:20:01,SKC,BUY,1,133720.0,0.0,"{'rt_cd': '7', 'msg_cd': 'APAC0289', 'msg1': '비밀번호 5회 오류[인터넷뱅킹-계좌비밀번호 오류해제(재등록) 요망]'}"
11:20:01,LS ELECTRIC,BUY,1,484180.0,0.0,"{'rt_cd': '7', 'msg_cd': 'APAC0289', 'msg1': '비밀번호 5회 오류[인터넷뱅킹-계좌비밀번호 오류해제(재등록) 요망]'}"
11:20:05,SKC,BUY,1,133720.0,0.0,"{'rt_cd': '7', 'msg_cd': 'APAC0289', 'msg1': '비밀번호 5회 오류[인터넷뱅킹-계좌비밀번호 오류해제(재등록) 요망]'}"
11:20:05,LS ELECTRIC,BUY,1,484180.0,0.0,"{'rt_cd': '7', 'msg_cd': 'APAC0289', 'msg1': '비밀번호 5회 오류[인터넷뱅킹-계좌비밀번호 오류해제(재등록) 요망]'}"
11:20:08,SKC,BUY,1,133720.0,0.0,"{'rt_cd': '7', 'msg_cd': 'APAC0289', 'msg1': '비밀번호 5회 오류[인터넷뱅킹-계좌비밀번호 오류해제(재등록) 요망]'}"
11:20:08,LS ELECTRIC,BUY,1,484180.0,0.0,"{'rt_cd': '7', 'msg_cd': 'APAC0289', 'msg1': '비밀번호 5회 오류[인터넷뱅킹-계좌비밀번호 오류해제(재등록) 요망]'}"
11:20:12,SKC,BUY,1,133720.0,0.0,"{'rt_cd': '7', 'msg_cd': 'APAC0289', 'msg1': '비밀번호 5회 오류[인터넷뱅킹-계좌비밀번호 오류해제(재등록) 요망]'}"
11:20:12,LS ELECTRIC,BUY,1,484180.0,0.0,"{'rt_cd': '7', 'msg_cd': 'APAC0289', 'msg1': '비밀번호 5회 오류[인터넷뱅킹-계좌비밀번호 오류해제(재등록) 요망]'}"
11:20:15,SKC,BUY,1,133720.0,0.0,"{'rt_cd': '7', 'msg_cd': 'APAC0289', 'msg1': '비밀번호 5회 오류[인터넷뱅킹-계좌비밀번호 오류해제(재등록) 요망]'}"
11:20:15,LS ELECTRIC,BUY,1,484180.0,0.0,"{'rt_cd': '7', 'msg_cd': 'APAC0289', 'msg1': '비밀번호 5회 오류[인터넷뱅킹-계좌비밀번호 오류해제(재등록) 요망]'}"
11:20:19,SKC,BUY,1,133720.0,0.0,"{'rt_cd': '7', 'msg_cd': 'APAC0289', 'msg1': '비밀번호 5회 오류[인터넷뱅킹-계좌비밀번호 오류해제(재등록) 요망]'}"
11:20:19,LS ELECTRIC,BUY,1,484180.0,0.0,"{'rt_cd': '7', 'msg_cd': 'APAC0289', 'msg1': '비밀번호 5회 오류[인터넷뱅킹-계좌비밀번호 오류해제(재등록) 요망]'}"
11:20:22,SKC,BUY,1,133720.0,0.0,"{'rt_cd': '7', 'msg_cd': 'APAC0289', 'msg1': '비밀번호 5회 오류[인터넷뱅킹-계좌비밀번호 오류해제(재등록) 요망]'}"
11:20:22,LS ELECTRIC,BUY,1,484180.0,0.0,"{'rt_cd': '7', 'msg_cd': 'APAC0289', 'msg1': '비밀번호 5회 오류[인터넷뱅킹-계좌비밀번호 오류해제(재등록) 요망]'}"
11:20:26,SKC,BUY,1,133720.0,0.0,"{'rt_cd': '7', 'msg_cd': 'APAC0289', 'msg1': '비밀번호 5회 오류[인터넷뱅킹-계좌비밀번호 오류해제(재등록) 요망]'}"
11:20:26,LS ELECTRIC,BUY,1,484180.0,0.0,"{'rt_cd': '7', 'msg_cd': 'APAC0289', 'msg1': '비밀번호 5회 오류[인터넷뱅킹-계좌비밀번호 오류해제(재등록) 요망]'}"
11:20:29,SKC,BUY,1,133720.0,0.0,"{'rt_cd': '7', 'msg_cd': 'APAC0289', 'msg1': '비밀번호 5회 오류[인터넷뱅킹-계좌비밀번호 오류해제(재등록) 요망]'}"
11:20:29,LS ELECTRIC,BUY,1,484180.0,0.0,"{'rt_cd': '7', 'msg_cd': 'APAC0289', 'msg1': '비밀번호 5회 오류[인터넷뱅킹-계좌비밀번호 오류해제(재등록) 요망]'}"
11:20:33,SKC,BUY,1,133720.0,0.0,"{'rt_cd': '7', 'msg_cd': 'APAC0289', 'msg1': '비밀번호 5회 오류[인터넷뱅킹-계좌비밀번호 오류해제(재등록) 요망]'}"
11:20:33,LS ELECTRIC,BUY,1,484180.0,0.0,"{'rt_cd': '7', 'msg_cd': 'APAC0289', 'msg1': '비밀번호 5회 오류[인터넷뱅킹-계좌비밀번호 오류해제(재등록) 요망]'}"
11:20:36,SKC,BUY,1,133720.0,0.0,"{'rt_cd': '7', 'msg_cd': 'APAC0289', 'msg1': '비밀번호 5회 오류[인터넷뱅킹-계좌비밀번호 오류해제(재등록) 요망]'}"
11:20:36,LS ELECTRIC,BUY,1,484180.0,0.0,"{'rt_cd': '7', 'msg_cd': 'APAC0289', 'msg1': '비밀번호 5회 오류[인터넷뱅킹-계좌비밀번호 오류해제(재등록) 요망]'}"
11:20:40,SKC,BUY,1,133720.0,0.0,"{'rt_cd': '7', 'msg_cd': 'APAC0289', 'msg1': '비밀번호 5회 오류[인터넷뱅킹-계좌비밀번호 오류해제(재등록) 요망]'}"
11:20:40,LS ELECTRIC,BUY,1,484180.0,0.0,"{'rt_cd': '7', 'msg_cd': 'APAC0289', 'msg1': '비밀번호 5회 오류[인터넷뱅킹-계좌비밀번호 오류해제(재등록) 요망]'}"
11:20:43,SKC,BUY,1,133720.0,0.0,"{'rt_cd': '7', 'msg_cd': 'APAC0289', 'msg1': '비밀번호 5회 오류[인터넷뱅킹-계좌비밀번호 오류해제(재등록) 요망]'}"
11:20:43,LS ELECTRIC,BUY,1,484180.0,0.0,"{'rt_cd': '7', 'msg_cd': 'APAC0289', 'msg1': '비밀번호 5회 오류[인터넷뱅킹-계좌비밀번호 오류해제(재등록) 요망]'}"
11:20:47,SKC,BUY,1,133720.0,0.0,"{'rt_cd': '7', 'msg_cd': 'APAC0289', 'msg1': '비밀번호 5회 오류[인터넷뱅킹-계좌비밀번호 오류해제(재등록) 요망]'}"
11:20:47,LS ELECTRIC,BUY,1,484180.0,0.0,"{'rt_cd': '7', 'msg_cd': 'APAC0289', 'msg1': '비밀번호 5회 오류[인터넷뱅킹-계좌비밀번호 오류해제(재등록) 요망]'}"
11:20:50,SKC,BUY,1,133720.0,0.0,"{'rt_cd': '7', 'msg_cd': 'APAC0289', 'msg1': '비밀번호 5회 오류[인터넷뱅킹-계좌비밀번호 오류해제(재등록) 요망]'}"
11:20:50,LS ELECTRIC,BUY,1,484180.0,0.0,"{'rt_cd': '7', 'msg_cd': 'APAC0289', 'msg1': '비밀번호 5회 오류[인터넷뱅킹-계좌비밀번호 오류해제(재등록) 요망]'}"
11:20:53,SKC,BUY,1,133720.0,0.0,"{'rt_cd': '7', 'msg_cd': 'APAC0289', 'msg1': '비밀번호 5회 오류[인터넷뱅킹-계좌비밀번호 오류해제(재등록) 요망]'}"
11:20:54,LS ELECTRIC,BUY,1,484180.0,0.0,"{'rt_cd': '7', 'msg_cd': 'APAC0289', 'msg1': '비밀번호 5회 오류[인터넷뱅킹-계좌비밀번호 오류해제(재등록) 요망]'}"
11:20:57,SKC,BUY,1,133720.0,0.0,"{'rt_cd': '7', 'msg_cd': 'APAC0289', 'msg1': '비밀번호 5회 오류[인터넷뱅킹-계좌비밀번호 오류해제(재등록) 요망]'}"
11:20:57,LS ELECTRIC,BUY,1,484180.0,0.0,"{'rt_cd': '7', 'msg_cd': 'APAC0289', 'msg1': '비밀번호 5회 오류[인터넷뱅킹-계좌비밀번호 오류해제(재등록) 요망]'}"
11:21:00,SKC,BUY,1,133720.0,0.0,"{'rt_cd': '7', 'msg_cd': 'APAC0289', 'msg1': '비밀번호 5회 오류[인터넷뱅킹-계좌비밀번호 오류해제(재등록) 요망]'}"
11:21:00,LS ELECTRIC,BUY,1,484180.0,0.0,"{'rt_cd': '7', 'msg_cd': 'APAC0289', 'msg1': '비밀번호 5회 오류[인터넷뱅킹-계좌비밀번호 오류해제(재등록) 요망]'}"
11:21:04,SKC,BUY,1,133720.0,0.0,"{'rt_cd': '7', 'msg_cd': 'APAC0289', 'msg1': '비밀번호 5회 오류[인터넷뱅킹-계좌비밀번호 오류해제(재등록) 요망]'}"
11:21:04,LS ELECTRIC,BUY,1,484180.0,0.0,"{'rt_cd': '7', 'msg_cd': 'APAC0289', 'msg1': '비밀번호 5회 오류[인터넷뱅킹-계좌비밀번호 오류해제(재등록) 요망]'}"
11:21:07,SKC,BUY,1,133720.0,0.0,"{'rt_cd': '7', 'msg_cd': 'APAC0289', 'msg1': '비밀번호 5회 오류[인터넷뱅킹-계좌비밀번호 오류해제(재등록) 요망]'}"
11:21:07,LS ELECTRIC,BUY,1,484180.0,0.0,"{'rt_cd': '7', 'msg_cd': 'APAC0289', 'msg1': '비밀번호 5회 오류[인터넷뱅킹-계좌비밀번호 오류해제(재등록) 요망]'}"
11:21:11,SKC,BUY,1,133720.0,0.0,"{'rt_cd': '7', 'msg_cd': 'APAC0289', 'msg1': '비밀번호 5회 오류[인터넷뱅킹-계좌비밀번호 오류해제(재등록) 요망]'}"
11:21:11,LS ELECTRIC,BUY,1,484180.0,0.0,"{'rt_cd': '7', 'msg_cd': 'APAC0289', 'msg1': '비밀번호 5회 오류[인터넷뱅킹-계좌비밀번호 오류해제(재등록) 요망]'}"
11:21:14,SKC,BUY,1,133720.0,0.0,"{'rt_cd': '7', 'msg_cd': 'APAC0289', 'msg1': '비밀번호 5회 오류[인터넷뱅킹-계좌비밀번호 오류해제(재등록) 요망]'}"
11:21:14,LS ELECTRIC,BUY,1,484180.0,0.0,"{'rt_cd': '7', 'msg_cd': 'APAC0289', 'msg1': '비밀번호 5회 오류[인터넷뱅킹-계좌비밀번호 오류해제(재등록) 요망]'}"
11:21:18,SKC,BUY,1,133720.0,0.0,"{'rt_cd': '7', 'msg_cd': 'APAC0289', 'msg1': '비밀번호 5회 오류[인터넷뱅킹-계좌비밀번호 오류해제(재등록) 요망]'}"
11:21:18,LS ELECTRIC,BUY,1,484180.0,0.0,"{'rt_cd': '7', 'msg_cd': 'APAC0289', 'msg1': '비밀번호 5회 오류[인터넷뱅킹-계좌비밀번호 오류해제(재등록) 요망]'}"
11:21:21,SKC,BUY,1,133720.0,0.0,"{'rt_cd': '7', 'msg_cd': 'APAC0289', 'msg1': '비밀번호 5회 오류[인터넷뱅킹-계좌비밀번호 오류해제(재등록) 요망]'}"
11:21:21,LS ELECTRIC,BUY,1,484180.0,0.0,"{'rt_cd': '7', 'msg_cd': 'APAC0289', 'msg1': '비밀번호 5회 오류[인터넷뱅킹-계좌비밀번호 오류해제(재등록) 요망]'}"
11:21:25,SKC,BUY,1,133720.0,0.0,"{'rt_cd': '7', 'msg_cd': 'APAC0289', 'msg1': '비밀번호 5회 오류[인터넷뱅킹-계좌비밀번호 오류해제(재등록) 요망]'}"
11:21:25,LS ELECTRIC,BUY,1,484180.0,0.0,"{'rt_cd': '7', 'msg_cd': 'APAC0289', 'msg1': '비밀번호 5회 오류[인터넷뱅킹-계좌비밀번호 오류해제(재등록) 요망]'}"
11:21:28,SKC,BUY,1,133720.0,0.0,"{'rt_cd': '7', 'msg_cd': 'APAC0289', 'msg1': '비밀번호 5회 오류[인터넷뱅킹-계좌비밀번호 오류해제(재등록) 요망]'}"
11:21:28,LS ELECTRIC,BUY,1,484180.0,0.0,"{'rt_cd': '7', 'msg_cd': 'APAC0289', 'msg1': '비밀번호 5회 오류[인터넷뱅킹-계좌비밀번호 오류해제(재등록) 요망]'}"
11:21:32,SKC,BUY,1,133720.0,0.0,"{'rt_cd': '7', 'msg_cd': 'APAC0289', 'msg1': '비밀번호 5회 오류[인터넷뱅킹-계좌비밀번호 오류해제(재등록) 요망]'}"
11:21:32,LS ELECTRIC,BUY,1,484180.0,0.0,"{'rt_cd': '7', 'msg_cd': 'APAC0289', 'msg1': '비밀번호 5회 오류[인터넷뱅킹-계좌비밀번호 오류해제(재등록) 요망]'}"
11:21:35,SKC,BUY,1,133720.0,0.0,"{'rt_cd': '7', 'msg_cd': 'APAC0289', 'msg1': '비밀번호 5회 오류[인터넷뱅킹-계좌비밀번호 오류해제(재등록) 요망]'}"
11:21:35,LS ELECTRIC,BUY,1,484180.0,0.0,"{'rt_cd': '7', 'msg_cd': 'APAC0289', 'msg1': '비밀번호 5회 오류[인터넷뱅킹-계좌비밀번호 오류해제(재등록) 요망]'}"
11:21:39,SKC,BUY,1,133720.0,0.0,"{'rt_cd': '7', 'msg_cd': 'APAC0289', 'msg1': '비밀번호 5회 오류[인터넷뱅킹-계좌비밀번호 오류해제(재등록) 요망]'}"
11:21:39,LS ELECTRIC,BUY,1,484180.0,0.0,"{'rt_cd': '7', 'msg_cd': 'APAC0289', 'msg1': '비밀번호 5회 오류[인터넷뱅킹-계좌비밀번호 오류해제(재등록) 요망]'}"
11:21:42,SKC,BUY,1,133720.0,0.0,"{'rt_cd': '7', 'msg_cd': 'APAC0289', 'msg1': '비밀번호 5회 오류[인터넷뱅킹-계좌비밀번호 오류해제(재등록) 요망]'}"
11:21:42,LS ELECTRIC,BUY,1,484180.0,0.0,"{'rt_cd': '7', 'msg_cd': 'APAC0289', 'msg1': '비밀번호 5회 오류[인터넷뱅킹-계좌비밀번호 오류해제(재등록) 요망]'}"
11:21:46,SKC,BUY,1,133720.0,0.0,"{'rt_cd': '7', 'msg_cd': 'APAC0289', 'msg1': '비밀번호 5회 오류[인터넷뱅킹-계좌비밀번호 오류해제(재등록) 요망]'}"
11:21:46,LS ELECTRIC,BUY,1,484180.0,0.0,"{'rt_cd': '7', 'msg_cd': 'APAC0289', 'msg1': '비밀번호 5회 오류[인터넷뱅킹-계좌비밀번호 오류해제(재등록) 요망]'}"
11:21:49,SKC,BUY,1,133720.0,0.0,"{'rt_cd': '7', 'msg_cd': 'APAC0289', 'msg1': '비밀번호 5회 오류[인터넷뱅킹-계좌비밀번호 오류해제(재등록) 요망]'}"
11:21:49,LS ELECTRIC,BUY,1,484180.0,0.0,"{'rt_cd': '7', 'msg_cd': 'APAC0289', 'msg1': '비밀번호 5회 오류[인터넷뱅킹-계좌비밀번호 오류해제(재등록) 요망]'}"
11:21:53,SKC,BUY,1,133720.0,0.0,"{'rt_cd': '7', 'msg_cd': 'APAC0289', 'msg1': '비밀번호 5회 오류[인터넷뱅킹-계좌비밀번호 오류해제(재등록) 요망]'}"
11:21:53,LS ELECTRIC,BUY,1,484180.0,0.0,"{'rt_cd': '7', 'msg_cd': 'APAC0289', 'msg1': '비밀번호 5회 오류[인터넷뱅킹-계좌비밀번호 오류해제(재등록) 요망]'}"
11:21:56,SKC,BUY,1,133720.0,0.0,"{'rt_cd': '7', 'msg_cd': 'APAC0289', 'msg1': '비밀번호 5회 오류[인터넷뱅킹-계좌비밀번호 오류해제(재등록) 요망]'}"
11:21:56,LS ELECTRIC,BUY,1,484180.0,0.0,"{'rt_cd': '7', 'msg_cd': 'APAC0289', 'msg1': '비밀번호 5회 오류[인터넷뱅킹-계좌비밀번호 오류해제(재등록) 요망]'}"
11:21:59,SKC,BUY,1,133720.0,0.0,"{'rt_cd': '7', 'msg_cd': 'APAC0289', 'msg1': '비밀번호 5회 오류[인터넷뱅킹-계좌비밀번호 오류해제(재등록) 요망]'}"
11:22:02,SKC,SELL(SL),1,130520.0,-3220.0,"{'rt_cd': '7', 'msg_cd': 'APAC0289', 'msg1': '비밀번호 5회 오류[인터넷뱅킹-계좌비밀번호 오류해제(재등록) 요망]'}"
11:22:02,LS ELECTRIC,BUY,1,484180.0,0.0,"{'rt_cd': '7', 'msg_cd': 'APAC0289', 'msg1': '비밀번호 5회 오류[인터넷뱅킹-계좌비밀번호 오류해제(재등록) 요망]'}"
11:22:05,SKC,BUY,1,133720.0,0.0,"{'rt_cd': '7', 'msg_cd': 'APAC0289', 'msg1': '비밀번호 5회 오류[인터넷뱅킹-계좌비밀번호 오류해제(재등록) 요망]'}"
11:22:06,LS ELECTRIC,BUY,1,484180.0,0.0,"{'rt_cd': '7', 'msg_cd': 'APAC0289', 'msg1': '비밀번호 5회 오류[인터넷뱅킹-계좌비밀번호 오류해제(재등록) 요망]'}"
11:22:09,SKC,BUY,1,133720.0,0.0,"{'rt_cd': '7', 'msg_cd': 'APAC0289', 'msg1': '비밀번호 5회 오류[인터넷뱅킹-계좌비밀번호 오류해제(재등록) 요망]'}"
11:22:09,LS ELECTRIC,BUY,1,484180.0,0.0,"{'rt_cd': '7', 'msg_cd': 'APAC0289', 'msg1': '비밀번호 5회 오류[인터넷뱅킹-계좌비밀번호 오류해제(재등록) 요망]'}"
11:22:12,SKC,BUY,1,133720.0,0.0,"{'rt_cd': '7', 'msg_cd': 'APAC0289', 'msg1': '비밀번호 5회 오류[인터넷뱅킹-계좌비밀번호 오류해제(재등록) 요망]'}"
11:22:13,LS ELECTRIC,BUY,1,484180.0,0.0,"{'rt_cd': '7', 'msg_cd': 'APAC0289', 'msg1': '비밀번호 5회 오류[인터넷뱅킹-계좌비밀번호 오류해제(재등록) 요망]'}"
11:22:16,SKC,BUY,1,133720.0,0.0,"{'rt_cd': '7', 'msg_cd': 'APAC0289', 'msg1': '비밀번호 5회 오류[인터넷뱅킹-계좌비밀번호 오류해제(재등록) 요망]'}"
11:22:16,LS ELECTRIC,BUY,1,484180.0,0.0,"{'rt_cd': '7', 'msg_cd': 'APAC0289', 'msg1': '비밀번호 5회 오류[인터넷뱅킹-계좌비밀번호 오류해제(재등록) 요망]'}"
11:22:19,SKC,BUY,1,133720.0,0.0,"{'rt_cd': '7', 'msg_cd': 'APAC0289', 'msg1': '비밀번호 5회 오류[인터넷뱅킹-계좌비밀번호 오류해제(재등록) 요망]'}"
11:22:20,LS ELECTRIC,BUY,1,484180.0,0.0,"{'rt_cd': '7', 'msg_cd': 'APAC0289', 'msg1': '비밀번호 5회 오류[인터넷뱅킹-계좌비밀번호 오류해제(재등록) 요망]'}"
11:22:23,SKC,BUY,1,133720.0,0.0,"{'rt_cd': '7', 'msg_cd': 'APAC0289', 'msg1': '비밀번호 5회 오류[인터넷뱅킹-계좌비밀번호 오류해제(재등록) 요망]'}"
11:22:23,LS ELECTRIC,BUY,1,484180.0,0.0,"{'rt_cd': '7', 'msg_cd': 'APAC0289', 'msg1': '비밀번호 5회 오류[인터넷뱅킹-계좌비밀번호 오류해제(재등록) 요망]'}"
11:22:26,SKC,BUY,1,133720.0,0.0,"{'rt_cd': '7', 'msg_cd': 'APAC0289', 'msg1': '비밀번호 5회 오류[인터넷뱅킹-계좌비밀번호 오류해제(재등록) 요망]'}"
11:22:26,LS ELECTRIC,BUY,1,484180.0,0.0,"{'rt_cd': '7', 'msg_cd': 'APAC0289', 'msg1': '비밀번호 5회 오류[인터넷뱅킹-계좌비밀번호 오류해제(재등록) 요망]'}"
11:22:30,SKC,BUY,1,133720.0,0.0,"{'rt_cd': '7', 'msg_cd': 'APAC0289', 'msg1': '비밀번호 5회 오류[인터넷뱅킹-계좌비밀번호 오류해제(재등록) 요망]'}"
11:22:30,LS ELECTRIC,BUY,1,484180.0,0.0,"{'rt_cd': '7', 'msg_cd': 'APAC0289', 'msg1': '비밀번호 5회 오류[인터넷뱅킹-계좌비밀번호 오류해제(재등록) 요망]'}"
11:22:33,SKC,BUY,1,133720.0,0.0,"{'rt_cd': '7', 'msg_cd': 'APAC0289', 'msg1': '비밀번호 5회 오류[인터넷뱅킹-계좌비밀번호 오류해제(재등록) 요망]'}"
11:22:34,LS ELECTRIC,BUY,1,484180.0,0.0,"{'rt_cd': '7', 'msg_cd': 'APAC0289', 'msg1': '비밀번호 5회 오류[인터넷뱅킹-계좌비밀번호 오류해제(재등록) 요망]'}"
11:22:37,SKC,BUY,1,133720.0,0.0,"{'rt_cd': '7', 'msg_cd': 'APAC0289', 'msg1': '비밀번호 5회 오류[인터넷뱅킹-계좌비밀번호 오류해제(재등록) 요망]'}"
11:22:37,LS ELECTRIC,BUY,1,484180.0,0.0,"{'rt_cd': '7', 'msg_cd': 'APAC0289', 'msg1': '비밀번호 5회 오류[인터넷뱅킹-계좌비밀번호 오류해제(재등록) 요망]'}"
11:22:40,SKC,BUY,1,133720.0,0.0,"{'rt_cd': '7', 'msg_cd': 'APAC0289', 'msg1': '비밀번호 5회 오류[인터넷뱅킹-계좌비밀번호 오류해제(재등록) 요망]'}"
11:22:40,LS ELECTRIC,BUY,1,484180.0,0.0,"{'rt_cd': '7', 'msg_cd': 'APAC0289', 'msg1': '비밀번호 5회 오류[인터넷뱅킹-계좌비밀번호 오류해제(재등록) 요망]'}"
11:22:44,SKC,BUY,1,133720.0,0.0,"{'rt_cd': '7', 'msg_cd': 'APAC0289', 'msg1': '비밀번호 5회 오류[인터넷뱅킹-계좌비밀번호 오류해제(재등록) 요망]'}"
11:22:44,LS ELECTRIC,BUY,1,484180.0,0.0,"{'rt_cd': '7', 'msg_cd': 'APAC0289', 'msg1': '비밀번호 5회 오류[인터넷뱅킹-계좌비밀번호 오류해제(재등록) 요망]'}"
11:22:47,SKC,BUY,1,133720.0,0.0,"{'rt_cd': '7', 'msg_cd': 'APAC0289', 'msg1': '비밀번호 5회 오류[인터넷뱅킹-계좌비밀번호 오류해제(재등록) 요망]'}"
11:22:47,LS ELECTRIC,BUY,1,484180.0,0.0,"{'rt_cd': '7', 'msg_cd': 'APAC0289', 'msg1': '비밀번호 5회 오류[인터넷뱅킹-계좌비밀번호 오류해제(재등록) 요망]'}"
11:22:50,SKC,BUY,1,133720.0,0.0,"{'rt_cd': '7', 'msg_cd': 'APAC0289', 'msg1': '비밀번호 5회 오류[인터넷뱅킹-계좌비밀번호 오류해제(재등록) 요망]'}"
11:22:51,LS ELECTRIC,BUY,1,484180.0,0.0,"{'rt_cd': '7', 'msg_cd': 'APAC0289', 'msg1': '비밀번호 5회 오류[인터넷뱅킹-계좌비밀번호 오류해제(재등록) 요망]'}"
11:22:54,SKC,BUY,1,133720.0,0.0,"{'rt_cd': '7', 'msg_cd': 'APAC0289', 'msg1': '비밀번호 5회 오류[인터넷뱅킹-계좌비밀번호 오류해제(재등록) 요망]'}"
11:22:54,LS ELECTRIC,BUY,1,484180.0,0.0,"{'rt_cd': '7', 'msg_cd': 'APAC0289', 'msg1': '비밀번호 5회 오류[인터넷뱅킹-계좌비밀번호 오류해제(재등록) 요망]'}"
11:22:57,SKC,BUY,1,133720.0,0.0,"{'rt_cd': '7', 'msg_cd': 'APAC0289', 'msg1': '비밀번호 5회 오류[인터넷뱅킹-계좌비밀번호 오류해제(재등록) 요망]'}"
11:22:58,LS ELECTRIC,BUY,1,484180.0,0.0,"{'rt_cd': '7', 'msg_cd': 'APAC0289', 'msg1': '비밀번호 5회 오류[인터넷뱅킹-계좌비밀번호 오류해제(재등록) 요망]'}"
11:23:01,SKC,BUY,1,133720.0,0.0,"{'rt_cd': '7', 'msg_cd': 'APAC0289', 'msg1': '비밀번호 5회 오류[인터넷뱅킹-계좌비밀번호 오류해제(재등록) 요망]'}"
11:23:01,LS ELECTRIC,BUY,1,484180.0,0.0,"{'rt_cd': '7', 'msg_cd': 'APAC0289', 'msg1': '비밀번호 5회 오류[인터넷뱅킹-계좌비밀번호 오류해제(재등록) 요망]'}"
11:23:04,SKC,BUY,1,133720.0,0.0,"{'rt_cd': '7', 'msg_cd': 'APAC0289', 'msg1': '비밀번호 5회 오류[인터넷뱅킹-계좌비밀번호 오류해제(재등록) 요망]'}"
11:23:04,LS ELECTRIC,BUY,1,484180.0,0.0,"{'rt_cd': '7', 'msg_cd': 'APAC0289', 'msg1': '비밀번호 5회 오류[인터넷뱅킹-계좌비밀번호 오류해제(재등록) 요망]'}"
11:23:08,SKC,BUY,1,133720.0,0.0,"{'rt_cd': '7', 'msg_cd': 'APAC0289', 'msg1': '비밀번호 5회 오류[인터넷뱅킹-계좌비밀번호 오류해제(재등록) 요망]'}"
11:23:08,LS ELECTRIC,BUY,1,484180.0,0.0,"{'rt_cd': '7', 'msg_cd': 'APAC0289', 'msg1': '비밀번호 5회 오류[인터넷뱅킹-계좌비밀번호 오류해제(재등록) 요망]'}"
11:23:11,SKC,BUY,1,133720.0,0.0,"{'rt_cd': '7', 'msg_cd': 'APAC0289', 'msg1': '비밀번호 5회 오류[인터넷뱅킹-계좌비밀번호 오류해제(재등록) 요망]'}"
11:23:11,LS ELECTRIC,BUY,1,484180.0,0.0,"{'rt_cd': '7', 'msg_cd': 'APAC0289', 'msg1': '비밀번호 5회 오류[인터넷뱅킹-계좌비밀번호 오류해제(재등록) 요망]'}"
11:23:15,SKC,BUY,1,133720.0,0.0,"{'rt_cd': '7', 'msg_cd': 'APAC0289', 'msg1': '비밀번호 5회 오류[인터넷뱅킹-계좌비밀번호 오류해제(재등록) 요망]'}"
11:23:15,LS ELECTRIC,BUY,1,484180.0,0.0,"{'rt_cd': '7', 'msg_cd': 'APAC0289', 'msg1': '비밀번호 5회 오류[인터넷뱅킹-계좌비밀번호 오류해제(재등록) 요망]'}"
11:23:18,SKC,BUY,1,133720.0,0.0,"{'rt_cd': '7', 'msg_cd': 'APAC0289', 'msg1': '비밀번호 5회 오류[인터넷뱅킹-계좌비밀번호 오류해제(재등록) 요망]'}"
11:23:18,LS ELECTRIC,BUY,1,484180.0,0.0,"{'rt_cd': '7', 'msg_cd': 'APAC0289', 'msg1': '비밀번호 5회 오류[인터넷뱅킹-계좌비밀번호 오류해제(재등록) 요망]'}"
11:23:22,SKC,BUY,1,133720.0,0.0,"{'rt_cd': '7', 'msg_cd': 'APAC0289', 'msg1': '비밀번호 5회 오류[인터넷뱅킹-계좌비밀번호 오류해제(재등록) 요망]'}"
11:23:22,LS ELECTRIC,BUY,1,484180.0,0.0,"{'rt_cd': '7', 'msg_cd': 'APAC0289', 'msg1': '비밀번호 5회 오류[인터넷뱅킹-계좌비밀번호 오류해제(재등록) 요망]'}"
11:23:25,SKC,BUY,1,133720.0,0.0,"{'rt_cd': '7', 'msg_cd': 'APAC0289', 'msg1': '비밀번호 5회 오류[인터넷뱅킹-계좌비밀번호 오류해제(재등록) 요망]'}"
11:23:25,LS ELECTRIC,BUY,1,484180.0,0.0,"{'rt_cd': '7', 'msg_cd': 'APAC0289', 'msg1': '비밀번호 5회 오류[인터넷뱅킹-계좌비밀번호 오류해제(재등록) 요망]'}"
11:23:28,SKC,BUY,1,133720.0,0.0,"{'rt_cd': '7', 'msg_cd': 'APAC0289', 'msg1': '비밀번호 5회 오류[인터넷뱅킹-계좌비밀번호 오류해제(재등록) 요망]'}"
11:23:29,LS ELECTRIC,BUY,1,484180.0,0.0,"{'rt_cd': '7', 'msg_cd': 'APAC0289', 'msg1': '비밀번호 5회 오류[인터넷뱅킹-계좌비밀번호 오류해제(재등록) 요망]'}"
11:23:32,SKC,BUY,1,133720.0,0.0,"{'rt_cd': '7', 'msg_cd': 'APAC0289', 'msg1': '비밀번호 5회 오류[인터넷뱅킹-계좌비밀번호 오류해제(재등록) 요망]'}"
11:23:32,LS ELECTRIC,BUY,1,484180.0,0.0,"{'rt_cd': '7', 'msg_cd': 'APAC0289', 'msg1': '비밀번호 5회 오류[인터넷뱅킹-계좌비밀번호 오류해제(재등록) 요망]'}"
11:23:35,SKC,BUY,1,133720.0,0.0,"{'rt_cd': '7', 'msg_cd': 'APAC0289', 'msg1': '비밀번호 5회 오류[인터넷뱅킹-계좌비밀번호 오류해제(재등록) 요망]'}"
11:23:35,LS ELECTRIC,BUY,1,484180.0,0.0,"{'rt_cd': '7', 'msg_cd': 'APAC0289', 'msg1': '비밀번호 5회 오류[인터넷뱅킹-계좌비밀번호 오류해제(재등록) 요망]'}"
11:23:39,SKC,BUY,1,133720.0,0.0,"{'rt_cd': '7', 'msg_cd': 'APAC0289', 'msg1': '비밀번호 5회 오류[인터넷뱅킹-계좌비밀번호 오류해제(재등록) 요망]'}"
11:23:39,LS ELECTRIC,BUY,1,484180.0,0.0,"{'rt_cd': '7', 'msg_cd': 'APAC0289', 'msg1': '비밀번호 5회 오류[인터넷뱅킹-계좌비밀번호 오류해제(재등록) 요망]'}"
11:23:42,SKC,BUY,1,133720.0,0.0,"{'rt_cd': '7', 'msg_cd': 'APAC0289', 'msg1': '비밀번호 5회 오류[인터넷뱅킹-계좌비밀번호 오류해제(재등록) 요망]'}"
11:23:42,LS ELECTRIC,BUY,1,484180.0,0.0,"{'rt_cd': '7', 'msg_cd': 'APAC0289', 'msg1': '비밀번호 5회 오류[인터넷뱅킹-계좌비밀번호 오류해제(재등록) 요망]'}"
11:23:46,SKC,BUY,1,133720.0,0.0,"{'rt_cd': '7', 'msg_cd': 'APAC0289', 'msg1': '비밀번호 5회 오류[인터넷뱅킹-계좌비밀번호 오류해제(재등록) 요망]'}"
11:23:46,LS ELECTRIC,BUY,1,484180.0,0.0,"{'rt_cd': '7', 'msg_cd': 'APAC0289', 'msg1': '비밀번호 5회 오류[인터넷뱅킹-계좌비밀번호 오류해제(재등록) 요망]'}"
11:23:49,SKC,BUY,1,133720.0,0.0,"{'rt_cd': '7', 'msg_cd': 'APAC0289', 'msg1': '비밀번호 5회 오류[인터넷뱅킹-계좌비밀번호 오류해제(재등록) 요망]'}"
11:23:51,SKC,SELL(SL),1,130520.0,-3220.0,"{'rt_cd': '7', 'msg_cd': 'APAC0289', 'msg1': '비밀번호 5회 오류[인터넷뱅킹-계좌비밀번호 오류해제(재등록) 요망]'}"
11:23:51,LS ELECTRIC,BUY,1,484180.0,0.0,"{'rt_cd': '7', 'msg_cd': 'APAC0289', 'msg1': '비밀번호 5회 오류[인터넷뱅킹-계좌비밀번호 오류해제(재등록) 요망]'}"
11:23:55,SKC,BUY,1,133720.0,0.0,"{'rt_cd': '7', 'msg_cd': 'APAC0289', 'msg1': '비밀번호 5회 오류[인터넷뱅킹-계좌비밀번호 오류해제(재등록) 요망]'}"
11:23:55,LS ELECTRIC,BUY,1,484180.0,0.0,"{'rt_cd': '7', 'msg_cd': 'APAC0289', 'msg1': '비밀번호 5회 오류[인터넷뱅킹-계좌비밀번호 오류해제(재등록) 요망]'}"
11:23:58,SKC,BUY,1,133720.0,0.0,"{'rt_cd': '7', 'msg_cd': 'APAC0289', 'msg1': '비밀번호 5회 오류[인터넷뱅킹-계좌비밀번호 오류해제(재등록) 요망]'}"
11:23:58,LS ELECTRIC,BUY,1,484180.0,0.0,"{'rt_cd': '7', 'msg_cd': 'APAC0289', 'msg1': '비밀번호 5회 오류[인터넷뱅킹-계좌비밀번호 오류해제(재등록) 요망]'}"
11:24:01,SKC,BUY,1,133720.0,0.0,"{'rt_cd': '7', 'msg_cd': 'APAC0289', 'msg1': '비밀번호 5회 오류[인터넷뱅킹-계좌비밀번호 오류해제(재등록) 요망]'}"
11:24:04,SKC,SELL(SL),1,130520.0,-3320.0,"{'rt_cd': '7', 'msg_cd': 'APAC0289', 'msg1': '비밀번호 5회 오류[인터넷뱅킹-계좌비밀번호 오류해제(재등록) 요망]'}"
11:24:04,LS ELECTRIC,BUY,1,484180.0,0.0,"{'rt_cd': '7', 'msg_cd': 'APAC0289', 'msg1': '비밀번호 5회 오류[인터넷뱅킹-계좌비밀번호 오류해제(재등록) 요망]'}"
11:24:08,SKC,BUY,1,133720.0,0.0,"{'rt_cd': '7', 'msg_cd': 'APAC0289', 'msg1': '비밀번호 5회 오류[인터넷뱅킹-계좌비밀번호 오류해제(재등록) 요망]'}"
11:24:10,SKC,SELL(SL),1,130520.0,-3220.0,"{'rt_cd': '7', 'msg_cd': 'APAC0289', 'msg1': '비밀번호 5회 오류[인터넷뱅킹-계좌비밀번호 오류해제(재등록) 요망]'}"
11:24:10,LS ELECTRIC,BUY,1,484180.0,0.0,"{'rt_cd': '7', 'msg_cd': 'APAC0289', 'msg1': '비밀번호 5회 오류[인터넷뱅킹-계좌비밀번호 오류해제(재등록) 요망]'}"
11:24:13,SKC,BUY,1,133720.0,0.0,"{'rt_cd': '7', 'msg_cd': 'APAC0289', 'msg1': '비밀번호 5회 오류[인터넷뱅킹-계좌비밀번호 오류해제(재등록) 요망]'}"
11:24:15,SKC,SELL(SL),1,130520.0,-3220.0,"{'rt_cd': '7', 'msg_cd': 'APAC0289', 'msg1': '비밀번호 5회 오류[인터넷뱅킹-계좌비밀번호 오류해제(재등록) 요망]'}"
11:24:16,LS ELECTRIC,BUY,1,484180.0,0.0,"{'rt_cd': '7', 'msg_cd': 'APAC0289', 'msg1': '비밀번호 5회 오류[인터넷뱅킹-계좌비밀번호 오류해제(재등록) 요망]'}"
11:24:19,SKC,BUY,1,133720.0,0.0,"{'rt_cd': '7', 'msg_cd': 'APAC0289', 'msg1': '비밀번호 5회 오류[인터넷뱅킹-계좌비밀번호 오류해제(재등록) 요망]'}"
11:24:21,SKC,SELL(SL),1,130520.0,-3320.0,"{'rt_cd': '7', 'msg_cd': 'APAC0289', 'msg1': '비밀번호 5회 오류[인터넷뱅킹-계좌비밀번호 오류해제(재등록) 요망]'}"
11:24:21,LS ELECTRIC,BUY,1,484180.0,0.0,"{'rt_cd': '7', 'msg_cd': 'APAC0289', 'msg1': '비밀번호 5회 오류[인터넷뱅킹-계좌비밀번호 오류해제(재등록) 요망]'}"
11:24:24,SKC,BUY,1,133720.0,0.0,"{'rt_cd': '7', 'msg_cd': 'APAC0289', 'msg1': '비밀번호 5회 오류[인터넷뱅킹-계좌비밀번호 오류해제(재등록) 요망]'}"
11:24:26,SKC,SELL(SL),1,130520.0,-3320.0,"{'rt_cd': '7', 'msg_cd': 'APAC0289', 'msg1': '비밀번호 5회 오류[인터넷뱅킹-계좌비밀번호 오류해제(재등록) 요망]'}"
11:24:26,LS ELECTRIC,BUY,1,484180.0,0.0,"{'rt_cd': '7', 'msg_cd': 'APAC0289', 'msg1': '비밀번호 5회 오류[인터넷뱅킹-계좌비밀번호 오류해제(재등록) 요망]'}"
11:24:30,SKC,BUY,1,133720.0,0.0,"{'rt_cd': '7', 'msg_cd': 'APAC0289', 'msg1': '비밀번호 5회 오류[인터넷뱅킹-계좌비밀번호 오류해제(재등록) 요망]'}"
11:24:32,SKC,SELL(SL),1,130520.0,-3220.0,"{'rt_cd': '7', 'msg_cd': 'APAC0289', 'msg1': '비밀번호 5회 오류[인터넷뱅킹-계좌비밀번호 오류해제(재등록) 요망]'}"
11:24:32,LS ELECTRIC,BUY,1,484180.0,0.0,"{'rt_cd': '7', 'msg_cd': 'APAC0289', 'msg1': '비밀번호 5회 오류[인터넷뱅킹-계좌비밀번호 오류해제(재등록) 요망]'}"
11:24:35,SKC,BUY,1,133720.0,0.0,"{'rt_cd': '7', 'msg_cd': 'APAC0289', 'msg1': '비밀번호 5회 오류[인터넷뱅킹-계좌비밀번호 오류해제(재등록) 요망]'}"
11:24:37,SKC,SELL(SL),1,130520.0,-3320.0,"{'rt_cd': '7', 'msg_cd': 'APAC0289', 'msg1': '비밀번호 5회 오류[인터넷뱅킹-계좌비밀번호 오류해제(재등록) 요망]'}"
11:24:37,LS ELECTRIC,BUY,1,484180.0,0.0,"{'rt_cd': '7', 'msg_cd': 'APAC0289', 'msg1': '비밀번호 5회 오류[인터넷뱅킹-계좌비밀번호 오류해제(재등록) 요망]'}"
11:24:41,SKC,BUY,1,133720.0,0.0,"{'rt_cd': '7', 'msg_cd': 'APAC0289', 'msg1': '비밀번호 5회 오류[인터넷뱅킹-계좌비밀번호 오류해제(재등록) 요망]'}"
11:24:43,SKC,SELL(SL),1,130520.0,-3320.0,"{'rt_cd': '7', 'msg_cd': 'APAC0289', 'msg1': '비밀번호 5회 오류[인터넷뱅킹-계좌비밀번호 오류해제(재등록) 요망]'}"
11:24:43,LS ELECTRIC,BUY,1,484180.0,0.0,"{'rt_cd': '7', 'msg_cd': 'APAC0289', 'msg1': '비밀번호 5회 오류[인터넷뱅킹-계좌비밀번호 오류해제(재등록) 요망]'}"
11:24:46,SKC,BUY,1,133720.0,0.0,"{'rt_cd': '7', 'msg_cd': 'APAC0289', 'msg1': '비밀번호 5회 오류[인터넷뱅킹-계좌비밀번호 오류해제(재등록) 요망]'}"
11:24:49,SKC,SELL(SL),1,130520.0,-3320.0,"{'rt_cd': '7', 'msg_cd': 'APAC0289', 'msg1': '비밀번호 5회 오류[인터넷뱅킹-계좌비밀번호 오류해제(재등록) 요망]'}"
11:24:49,LS ELECTRIC,BUY,1,484180.0,0.0,"{'rt_cd': '7', 'msg_cd': 'APAC0289', 'msg1': '비밀번호 5회 오류[인터넷뱅킹-계좌비밀번호 오류해제(재등록) 요망]'}"
11:24:52,SKC,BUY,1,133720.0,0.0,"{'rt_cd': '7', 'msg_cd': 'APAC0289', 'msg1': '비밀번호 5회 오류[인터넷뱅킹-계좌비밀번호 오류해제(재등록) 요망]'}"
11:24:55,SKC,SELL(SL),1,130520.0,-3320.0,"{'rt_cd': '7', 'msg_cd': 'APAC0289', 'msg1': '비밀번호 5회 오류[인터넷뱅킹-계좌비밀번호 오류해제(재등록) 요망]'}"
11:24:55,LS ELECTRIC,BUY,1,484180.0,0.0,"{'rt_cd': '7', 'msg_cd': 'APAC0289', 'msg1': '비밀번호 5회 오류[인터넷뱅킹-계좌비밀번호 오류해제(재등록) 요망]'}"
11:24:58,SKC,BUY,1,133720.0,0.0,"{'rt_cd': '7', 'msg_cd': 'APAC0289', 'msg1': '비밀번호 5회 오류[인터넷뱅킹-계좌비밀번호 오류해제(재등록) 요망]'}"
11:25:01,SKC,SELL(SL),1,130520.0,-3320.0,"{'rt_cd': '7', 'msg_cd': 'APAC0289', 'msg1': '비밀번호 5회 오류[인터넷뱅킹-계좌비밀번호 오류해제(재등록) 요망]'}"
11:25:01,LS ELECTRIC,BUY,1,484180.0,0.0,"{'rt_cd': '7', 'msg_cd': 'APAC0289', 'msg1': '비밀번호 5회 오류[인터넷뱅킹-계좌비밀번호 오류해제(재등록) 요망]'}"
11:25:04,SKC,BUY,1,133720.0,0.0,"{'rt_cd': '7', 'msg_cd': 'APAC0289', 'msg1': '비밀번호 5회 오류[인터넷뱅킹-계좌비밀번호 오류해제(재등록) 요망]'}"
11:25:06,SKC,SELL(SL),1,130520.0,-3320.0,"{'rt_cd': '7', 'msg_cd': 'APAC0289', 'msg1': '비밀번호 5회 오류[인터넷뱅킹-계좌비밀번호 오류해제(재등록) 요망]'}"
11:25:06,LS ELECTRIC,BUY,1,484180.0,0.0,"{'rt_cd': '7', 'msg_cd': 'APAC0289', 'msg1': '비밀번호 5회 오류[인터넷뱅킹-계좌비밀번호 오류해제(재등록) 요망]'}"
11:25:10,SKC,BUY,1,133720.0,0.0,"{'rt_cd': '7', 'msg_cd': 'APAC0289', 'msg1': '비밀번호 5회 오류[인터넷뱅킹-계좌비밀번호 오류해제(재등록) 요망]'}"
11:25:12,SKC,SELL(SL),1,130520.0,-3220.0,"{'rt_cd': '7', 'msg_cd': 'APAC0289', 'msg1': '비밀번호 5회 오류[인터넷뱅킹-계좌비밀번호 오류해제(재등록) 요망]'}"
11:25:12,LS ELECTRIC,BUY,1,484180.0,0.0,"{'rt_cd': '7', 'msg_cd': 'APAC0289', 'msg1': '비밀번호 5회 오류[인터넷뱅킹-계좌비밀번호 오류해제(재등록) 요망]'}"
11:25:16,SKC,BUY,1,133720.0,0.0,"{'rt_cd': '7', 'msg_cd': 'APAC0289', 'msg1': '비밀번호 5회 오류[인터넷뱅킹-계좌비밀번호 오류해제(재등록) 요망]'}"
11:25:18,SKC,SELL(SL),1,130520.0,-3320.0,"{'rt_cd': '7', 'msg_cd': 'APAC0289', 'msg1': '비밀번호 5회 오류[인터넷뱅킹-계좌비밀번호 오류해제(재등록) 요망]'}"
11:25:18,LS ELECTRIC,BUY,1,484180.0,0.0,"{'rt_cd': '7', 'msg_cd': 'APAC0289', 'msg1': '비밀번호 5회 오류[인터넷뱅킹-계좌비밀번호 오류해제(재등록) 요망]'}"
11:25:22,SKC,BUY,1,133720.0,0.0,"{'rt_cd': '7', 'msg_cd': 'APAC0289', 'msg1': '비밀번호 5회 오류[인터넷뱅킹-계좌비밀번호 오류해제(재등록) 요망]'}"
11:25:23,SKC,SELL(SL),1,130520.0,-3220.0,"{'rt_cd': '7', 'msg_cd': 'APAC0289', 'msg1': '비밀번호 5회 오류[인터넷뱅킹-계좌비밀번호 오류해제(재등록) 요망]'}"
11:25:24,LS ELECTRIC,BUY,1,484180.0,0.0,"{'rt_cd': '7', 'msg_cd': 'APAC0289', 'msg1': '비밀번호 5회 오류[인터넷뱅킹-계좌비밀번호 오류해제(재등록) 요망]'}"
11:25:27,SKC,BUY,1,133720.0,0.0,"{'rt_cd': '7', 'msg_cd': 'APAC0289', 'msg1': '비밀번호 5회 오류[인터넷뱅킹-계좌비밀번호 오류해제(재등록) 요망]'}"
11:25:29,SKC,SELL(SL),1,130520.0,-3220.0,"{'rt_cd': '7', 'msg_cd': 'APAC0289', 'msg1': '비밀번호 5회 오류[인터넷뱅킹-계좌비밀번호 오류해제(재등록) 요망]'}"
11:25:29,LS ELECTRIC,BUY,1,484180.0,0.0,"{'rt_cd': '7', 'msg_cd': 'APAC0289', 'msg1': '비밀번호 5회 오류[인터넷뱅킹-계좌비밀번호 오류해제(재등록) 요망]'}"
11:25:32,SKC,BUY,1,133720.0,0.0,"{'rt_cd': '7', 'msg_cd': 'APAC0289', 'msg1': '비밀번호 5회 오류[인터넷뱅킹-계좌비밀번호 오류해제(재등록) 요망]'}"
11:25:35,SKC,SELL(SL),1,130520.0,-3320.0,"{'rt_cd': '7', 'msg_cd': 'APAC0289', 'msg1': '비밀번호 5회 오류[인터넷뱅킹-계좌비밀번호 오류해제(재등록) 요망]'}"
11:25:35,LS ELECTRIC,BUY,1,484180.0,0.0,"{'rt_cd': '7', 'msg_cd': 'APAC0289', 'msg1': '비밀번호 5회 오류[인터넷뱅킹-계좌비밀번호 오류해제(재등록) 요망]'}"
11:25:38,SKC,BUY,1,133720.0,0.0,"{'rt_cd': '7', 'msg_cd': 'APAC0289', 'msg1': '비밀번호 5회 오류[인터넷뱅킹-계좌비밀번호 오류해제(재등록) 요망]'}"
11:25:40,SKC,SELL(SL),1,130520.0,-3320.0,"{'rt_cd': '7', 'msg_cd': 'APAC0289', 'msg1': '비밀번호 5회 오류[인터넷뱅킹-계좌비밀번호 오류해제(재등록) 요망]'}"
11:25:40,LS ELECTRIC,BUY,1,484180.0,0.0,"{'rt_cd': '7', 'msg_cd': 'APAC0289', 'msg1': '비밀번호 5회 오류[인터넷뱅킹-계좌비밀번호 오류해제(재등록) 요망]'}"
11:25:44,SKC,BUY,1,133720.0,0.0,"{'rt_cd': '7', 'msg_cd': 'APAC0289', 'msg1': '비밀번호 5회 오류[인터넷뱅킹-계좌비밀번호 오류해제(재등록) 요망]'}"
11:25:46,SKC,SELL(SL),1,130520.0,-3220.0,"{'rt_cd': '7', 'msg_cd': 'APAC0289', 'msg1': '비밀번호 5회 오류[인터넷뱅킹-계좌비밀번호 오류해제(재등록) 요망]'}"
11:25:46,LS ELECTRIC,BUY,1,484180.0,0.0,"{'rt_cd': '7', 'msg_cd': 'APAC0289', 'msg1': '비밀번호 5회 오류[인터넷뱅킹-계좌비밀번호 오류해제(재등록) 요망]'}"
11:25:49,SKC,BUY,1,133720.0,0.0,"{'rt_cd': '7', 'msg_cd': 'APAC0289', 'msg1': '비밀번호 5회 오류[인터넷뱅킹-계좌비밀번호 오류해제(재등록) 요망]'}"
11:25:51,SKC,SELL(SL),1,130520.0,-3220.0,"{'rt_cd': '7', 'msg_cd': 'APAC0289', 'msg1': '비밀번호 5회 오류[인터넷뱅킹-계좌비밀번호 오류해제(재등록) 요망]'}"
11:25:51,LS ELECTRIC,BUY,1,484180.0,0.0,"{'rt_cd': '7', 'msg_cd': 'APAC0289', 'msg1': '비밀번호 5회 오류[인터넷뱅킹-계좌비밀번호 오류해제(재등록) 요망]'}"
11:25:54,SKC,BUY,1,133720.0,0.0,"{'rt_cd': '7', 'msg_cd': 'APAC0289', 'msg1': '비밀번호 5회 오류[인터넷뱅킹-계좌비밀번호 오류해제(재등록) 요망]'}"
11:25:56,SKC,SELL(SL),1,130520.0,-3220.0,"{'rt_cd': '7', 'msg_cd': 'APAC0289', 'msg1': '비밀번호 5회 오류[인터넷뱅킹-계좌비밀번호 오류해제(재등록) 요망]'}"
11:25:56,LS ELECTRIC,BUY,1,484180.0,0.0,"{'rt_cd': '7', 'msg_cd': 'APAC0289', 'msg1': '비밀번호 5회 오류[인터넷뱅킹-계좌비밀번호 오류해제(재등록) 요망]'}"
11:26:00,SKC,BUY,1,133720.0,0.0,"{'rt_cd': '7', 'msg_cd': 'APAC0289', 'msg1': '비밀번호 5회 오류[인터넷뱅킹-계좌비밀번호 오류해제(재등록) 요망]'}"
11:26:02,SKC,SELL(SL),1,130520.0,-3220.0,"{'rt_cd': '7', 'msg_cd': 'APAC0289', 'msg1': '비밀번호 5회 오류[인터넷뱅킹-계좌비밀번호 오류해제(재등록) 요망]'}"
11:26:02,LS ELECTRIC,BUY,1,484180.0,0.0,"{'rt_cd': '7', 'msg_cd': 'APAC0289', 'msg1': '비밀번호 5회 오류[인터넷뱅킹-계좌비밀번호 오류해제(재등록) 요망]'}"
11:26:05,SKC,BUY,1,133720.0,0.0,"{'rt_cd': '7', 'msg_cd': 'APAC0289', 'msg1': '비밀번호 5회 오류[인터넷뱅킹-계좌비밀번호 오류해제(재등록) 요망]'}"
11:26:07,SKC,SELL(SL),1,130520.0,-3220.0,"{'rt_cd': '7', 'msg_cd': 'APAC0289', 'msg1': '비밀번호 5회 오류[인터넷뱅킹-계좌비밀번호 오류해제(재등록) 요망]'}"
11:26:07,LS ELECTRIC,BUY,1,484180.0,0.0,"{'rt_cd': '7', 'msg_cd': 'APAC0289', 'msg1': '비밀번호 5회 오류[인터넷뱅킹-계좌비밀번호 오류해제(재등록) 요망]'}"
11:26:11,SKC,BUY,1,133720.0,0.0,"{'rt_cd': '7', 'msg_cd': 'APAC0289', 'msg1': '비밀번호 5회 오류[인터넷뱅킹-계좌비밀번호 오류해제(재등록) 요망]'}"
11:26:13,SKC,SELL(SL),1,130520.0,-3220.0,"{'rt_cd': '7', 'msg_cd': 'APAC0289', 'msg1': '비밀번호 5회 오류[인터넷뱅킹-계좌비밀번호 오류해제(재등록) 요망]'}"
11:26:13,LS ELECTRIC,BUY,1,484180.0,0.0,"{'rt_cd': '7', 'msg_cd': 'APAC0289', 'msg1': '비밀번호 5회 오류[인터넷뱅킹-계좌비밀번호 오류해제(재등록) 요망]'}"
11:26:16,SKC,BUY,1,133720.0,0.0,"{'rt_cd': '7', 'msg_cd': 'APAC0289', 'msg1': '비밀번호 5회 오류[인터넷뱅킹-계좌비밀번호 오류해제(재등록) 요망]'}"
11:26:18,SKC,SELL(SL),1,130520.0,-3220.0,"{'rt_cd': '7', 'msg_cd': 'APAC0289', 'msg1': '비밀번호 5회 오류[인터넷뱅킹-계좌비밀번호 오류해제(재등록) 요망]'}"
11:26:18,LS ELECTRIC,BUY,1,484180.0,0.0,"{'rt_cd': '7', 'msg_cd': 'APAC0289', 'msg1': '비밀번호 5회 오류[인터넷뱅킹-계좌비밀번호 오류해제(재등록) 요망]'}"
11:26:22,SKC,BUY,1,133720.0,0.0,"{'rt_cd': '7', 'msg_cd': 'APAC0289', 'msg1': '비밀번호 5회 오류[인터넷뱅킹-계좌비밀번호 오류해제(재등록) 요망]'}"
11:26:23,SKC,SELL(SL),1,130520.0,-3220.0,"{'rt_cd': '7', 'msg_cd': 'APAC0289', 'msg1': '비밀번호 5회 오류[인터넷뱅킹-계좌비밀번호 오류해제(재등록) 요망]'}"
11:26:24,LS ELECTRIC,BUY,1,484180.0,0.0,"{'rt_cd': '7', 'msg_cd': 'APAC0289', 'msg1': '비밀번호 5회 오류[인터넷뱅킹-계좌비밀번호 오류해제(재등록) 요망]'}"
11:26:27,SKC,BUY,1,133720.0,0.0,"{'rt_cd': '7', 'msg_cd': 'APAC0289', 'msg1': '비밀번호 5회 오류[인터넷뱅킹-계좌비밀번호 오류해제(재등록) 요망]'}"
11:26:29,SKC,SELL(SL),1,130520.0,-3220.0,"{'rt_cd': '7', 'msg_cd': 'APAC0289', 'msg1': '비밀번호 5회 오류[인터넷뱅킹-계좌비밀번호 오류해제(재등록) 요망]'}"
11:26:29,LS ELECTRIC,BUY,1,484180.0,0.0,"{'rt_cd': '7', 'msg_cd': 'APAC0289', 'msg1': '비밀번호 5회 오류[인터넷뱅킹-계좌비밀번호 오류해제(재등록) 요망]'}"
11:26:33,SKC,BUY,1,133720.0,0.0,"{'rt_cd': '7', 'msg_cd': 'APAC0289', 'msg1': '비밀번호 5회 오류[인터넷뱅킹-계좌비밀번호 오류해제(재등록) 요망]'}"
11:26:35,SKC,SELL(SL),1,130520.0,-3220.0,"{'rt_cd': '7', 'msg_cd': 'APAC0289', 'msg1': '비밀번호 5회 오류[인터넷뱅킹-계좌비밀번호 오류해제(재등록) 요망]'}"
11:26:35,LS ELECTRIC,BUY,1,484180.0,0.0,"{'rt_cd': '7', 'msg_cd': 'APAC0289', 'msg1': '비밀번호 5회 오류[인터넷뱅킹-계좌비밀번호 오류해제(재등록) 요망]'}"
11:26:38,SKC,BUY,1,133720.0,0.0,"{'rt_cd': '7', 'msg_cd': 'APAC0289', 'msg1': '비밀번호 5회 오류[인터넷뱅킹-계좌비밀번호 오류해제(재등록) 요망]'}"
11:26:42,SKC,SELL(SL),1,130520.0,-3220.0,"{'rt_cd': '7', 'msg_cd': 'APAC0289', 'msg1': '비밀번호 5회 오류[인터넷뱅킹-계좌비밀번호 오류해제(재등록) 요망]'}"
11:26:42,LS ELECTRIC,BUY,1,484180.0,0.0,"{'rt_cd': '7', 'msg_cd': 'APAC0289', 'msg1': '비밀번호 5회 오류[인터넷뱅킹-계좌비밀번호 오류해제(재등록) 요망]'}"
11:26:46,SKC,BUY,1,133720.0,0.0,"{'rt_cd': '7', 'msg_cd': 'APAC0289', 'msg1': '비밀번호 5회 오류[인터넷뱅킹-계좌비밀번호 오류해제(재등록) 요망]'}"
11:26:48,SKC,SELL(SL),1,130520.0,-3220.0,"{'rt_cd': '7', 'msg_cd': 'APAC0289', 'msg1': '비밀번호 5회 오류[인터넷뱅킹-계좌비밀번호 오류해제(재등록) 요망]'}"
11:26:48,LS ELECTRIC,BUY,1,484180.0,0.0,"{'rt_cd': '7', 'msg_cd': 'APAC0289', 'msg1': '비밀번호 5회 오류[인터넷뱅킹-계좌비밀번호 오류해제(재등록) 요망]'}"
11:26:51,SKC,BUY,1,133720.0,0.0,"{'rt_cd': '7', 'msg_cd': 'APAC0289', 'msg1': '비밀번호 5회 오류[인터넷뱅킹-계좌비밀번호 오류해제(재등록) 요망]'}"
11:26:53,SKC,SELL(SL),1,130520.0,-3320.0,"{'rt_cd': '7', 'msg_cd': 'APAC0289', 'msg1': '비밀번호 5회 오류[인터넷뱅킹-계좌비밀번호 오류해제(재등록) 요망]'}"
11:26:53,LS ELECTRIC,BUY,1,484180.0,0.0,"{'rt_cd': '7', 'msg_cd': 'APAC0289', 'msg1': '비밀번호 5회 오류[인터넷뱅킹-계좌비밀번호 오류해제(재등록) 요망]'}"
11:26:57,SKC,BUY,1,133720.0,0.0,"{'rt_cd': '7', 'msg_cd': 'APAC0289', 'msg1': '비밀번호 5회 오류[인터넷뱅킹-계좌비밀번호 오류해제(재등록) 요망]'}"
11:26:59,SKC,SELL(SL),1,130520.0,-3220.0,"{'rt_cd': '7', 'msg_cd': 'APAC0289', 'msg1': '비밀번호 5회 오류[인터넷뱅킹-계좌비밀번호 오류해제(재등록) 요망]'}"
11:26:59,LS ELECTRIC,BUY,1,484180.0,0.0,"{'rt_cd': '7', 'msg_cd': 'APAC0289', 'msg1': '비밀번호 5회 오류[인터넷뱅킹-계좌비밀번호 오류해제(재등록) 요망]'}"
11:27:02,SKC,BUY,1,133720.0,0.0,"{'rt_cd': '7', 'msg_cd': 'APAC0289', 'msg1': '비밀번호 5회 오류[인터넷뱅킹-계좌비밀번호 오류해제(재등록) 요망]'}"
11:27:04,SKC,SELL(SL),1,130520.0,-3220.0,"{'rt_cd': '7', 'msg_cd': 'APAC0289', 'msg1': '비밀번호 5회 오류[인터넷뱅킹-계좌비밀번호 오류해제(재등록) 요망]'}"
11:27:04,LS ELECTRIC,BUY,1,484180.0,0.0,"{'rt_cd': '7', 'msg_cd': 'APAC0289', 'msg1': '비밀번호 5회 오류[인터넷뱅킹-계좌비밀번호 오류해제(재등록) 요망]'}"
11:27:08,SKC,BUY,1,133720.0,0.0,"{'rt_cd': '7', 'msg_cd': 'APAC0289', 'msg1': '비밀번호 5회 오류[인터넷뱅킹-계좌비밀번호 오류해제(재등록) 요망]'}"
11:27:10,SKC,SELL(SL),1,130520.0,-3220.0,"{'rt_cd': '7', 'msg_cd': 'APAC0289', 'msg1': '비밀번호 5회 오류[인터넷뱅킹-계좌비밀번호 오류해제(재등록) 요망]'}"
11:27:10,LS ELECTRIC,BUY,1,484180.0,0.0,"{'rt_cd': '7', 'msg_cd': 'APAC0289', 'msg1': '비밀번호 5회 오류[인터넷뱅킹-계좌비밀번호 오류해제(재등록) 요망]'}"
11:27:13,SKC,BUY,1,133720.0,0.0,"{'rt_cd': '7', 'msg_cd': 'APAC0289', 'msg1': '비밀번호 5회 오류[인터넷뱅킹-계좌비밀번호 오류해제(재등록) 요망]'}"
11:27:16,SKC,SELL(SL),1,130520.0,-3320.0,"{'rt_cd': '7', 'msg_cd': 'APAC0289', 'msg1': '비밀번호 5회 오류[인터넷뱅킹-계좌비밀번호 오류해제(재등록) 요망]'}"
11:27:16,LS ELECTRIC,BUY,1,484180.0,0.0,"{'rt_cd': '7', 'msg_cd': 'APAC0289', 'msg1': '비밀번호 5회 오류[인터넷뱅킹-계좌비밀번호 오류해제(재등록) 요망]'}"
11:27:19,SKC,BUY,1,133720.0,0.0,"{'rt_cd': '7', 'msg_cd': 'APAC0289', 'msg1': '비밀번호 5회 오류[인터넷뱅킹-계좌비밀번호 오류해제(재등록) 요망]'}"
11:27:21,SKC,SELL(SL),1,130520.0,-3220.0,"{'rt_cd': '7', 'msg_cd': 'APAC0289', 'msg1': '비밀번호 5회 오류[인터넷뱅킹-계좌비밀번호 오류해제(재등록) 요망]'}"
11:27:21,LS ELECTRIC,BUY,1,484180.0,0.0,"{'rt_cd': '7', 'msg_cd': 'APAC0289', 'msg1': '비밀번호 5회 오류[인터넷뱅킹-계좌비밀번호 오류해제(재등록) 요망]'}"
11:27:24,SKC,BUY,1,133720.0,0.0,"{'rt_cd': '7', 'msg_cd': 'APAC0289', 'msg1': '비밀번호 5회 오류[인터넷뱅킹-계좌비밀번호 오류해제(재등록) 요망]'}"
11:27:27,SKC,SELL(SL),1,130520.0,-3320.0,"{'rt_cd': '7', 'msg_cd': 'APAC0289', 'msg1': '비밀번호 5회 오류[인터넷뱅킹-계좌비밀번호 오류해제(재등록) 요망]'}"
11:27:27,LS ELECTRIC,BUY,1,484180.0,0.0,"{'rt_cd': '7', 'msg_cd': 'APAC0289', 'msg1': '비밀번호 5회 오류[인터넷뱅킹-계좌비밀번호 오류해제(재등록) 요망]'}"
11:27:30,SKC,BUY,1,133720.0,0.0,"{'rt_cd': '7', 'msg_cd': 'APAC0289', 'msg1': '비밀번호 5회 오류[인터넷뱅킹-계좌비밀번호 오류해제(재등록) 요망]'}"
11:27:32,SKC,SELL(SL),1,130520.0,-3220.0,"{'rt_cd': '7', 'msg_cd': 'APAC0289', 'msg1': '비밀번호 5회 오류[인터넷뱅킹-계좌비밀번호 오류해제(재등록) 요망]'}"
11:27:32,LS ELECTRIC,BUY,1,484180.0,0.0,"{'rt_cd': '7', 'msg_cd': 'APAC0289', 'msg1': '비밀번호 5회 오류[인터넷뱅킹-계좌비밀번호 오류해제(재등록) 요망]'}"
11:27:35,SKC,BUY,1,133720.0,0.0,"{'rt_cd': '7', 'msg_cd': 'APAC0289', 'msg1': '비밀번호 5회 오류[인터넷뱅킹-계좌비밀번호 오류해제(재등록) 요망]'}"
11:27:38,SKC,SELL(SL),1,130520.0,-3220.0,"{'rt_cd': '7', 'msg_cd': 'APAC0289', 'msg1': '비밀번호 5회 오류[인터넷뱅킹-계좌비밀번호 오류해제(재등록) 요망]'}"
11:27:38,LS ELECTRIC,BUY,1,484180.0,0.0,"{'rt_cd': '7', 'msg_cd': 'APAC0289', 'msg1': '비밀번호 5회 오류[인터넷뱅킹-계좌비밀번호 오류해제(재등록) 요망]'}"
11:27:41,SKC,BUY,1,133720.0,0.0,"{'rt_cd': '7', 'msg_cd': 'APAC0289', 'msg1': '비밀번호 5회 오류[인터넷뱅킹-계좌비밀번호 오류해제(재등록) 요망]'}"
11:27:43,SKC,SELL(SL),1,130520.0,-3320.0,"{'rt_cd': '7', 'msg_cd': 'APAC0289', 'msg1': '비밀번호 5회 오류[인터넷뱅킹-계좌비밀번호 오류해제(재등록) 요망]'}"
11:27:43,LS ELECTRIC,BUY,1,484180.0,0.0,"{'rt_cd': '7', 'msg_cd': 'APAC0289', 'msg1': '비밀번호 5회 오류[인터넷뱅킹-계좌비밀번호 오류해제(재등록) 요망]'}"
11:27:47,SKC,BUY,1,133720.0,0.0,"{'rt_cd': '7', 'msg_cd': 'APAC0289', 'msg1': '비밀번호 5회 오류[인터넷뱅킹-계좌비밀번호 오류해제(재등록) 요망]'}"
11:27:49,SKC,SELL(SL),1,130520.0,-3320.0,"{'rt_cd': '7', 'msg_cd': 'APAC0289', 'msg1': '비밀번호 5회 오류[인터넷뱅킹-계좌비밀번호 오류해제(재등록) 요망]'}"
11:27:49,LS ELECTRIC,BUY,1,484180.0,0.0,"{'rt_cd': '7', 'msg_cd': 'APAC0289', 'msg1': '비밀번호 5회 오류[인터넷뱅킹-계좌비밀번호 오류해제(재등록) 요망]'}"
11:27:52,SKC,BUY,1,133720.0,0.0,"{'rt_cd': '7', 'msg_cd': 'APAC0289', 'msg1': '비밀번호 5회 오류[인터넷뱅킹-계좌비밀번호 오류해제(재등록) 요망]'}"
11:27:54,SKC,SELL(SL),1,130520.0,-3320.0,"{'rt_cd': '7', 'msg_cd': 'APAC0289', 'msg1': '비밀번호 5회 오류[인터넷뱅킹-계좌비밀번호 오류해제(재등록) 요망]'}"
11:27:55,LS ELECTRIC,BUY,1,484180.0,0.0,"{'rt_cd': '7', 'msg_cd': 'APAC0289', 'msg1': '비밀번호 5회 오류[인터넷뱅킹-계좌비밀번호 오류해제(재등록) 요망]'}"
11:27:58,SKC,BUY,1,133720.0,0.0,"{'rt_cd': '7', 'msg_cd': 'APAC0289', 'msg1': '비밀번호 5회 오류[인터넷뱅킹-계좌비밀번호 오류해제(재등록) 요망]'}"
11:28:00,SKC,SELL(SL),1,130520.0,-3320.0,"{'rt_cd': '7', 'msg_cd': 'APAC0289', 'msg1': '비밀번호 5회 오류[인터넷뱅킹-계좌비밀번호 오류해제(재등록) 요망]'}"
11:28:00,LS ELECTRIC,BUY,1,484180.0,0.0,"{'rt_cd': '7', 'msg_cd': 'APAC0289', 'msg1': '비밀번호 5회 오류[인터넷뱅킹-계좌비밀번호 오류해제(재등록) 요망]'}"
11:28:04,SKC,BUY,1,133720.0,0.0,"{'rt_cd': '7', 'msg_cd': 'APAC0289', 'msg1': '비밀번호 5회 오류[인터넷뱅킹-계좌비밀번호 오류해제(재등록) 요망]'}"
11:28:06,SKC,SELL(SL),1,130520.0,-3620.0,"{'rt_cd': '7', 'msg_cd': 'APAC0289', 'msg1': '비밀번호 5회 오류[인터넷뱅킹-계좌비밀번호 오류해제(재등록) 요망]'}"
11:28:06,LS ELECTRIC,BUY,1,484180.0,0.0,"{'rt_cd': '7', 'msg_cd': 'APAC0289', 'msg1': '비밀번호 5회 오류[인터넷뱅킹-계좌비밀번호 오류해제(재등록) 요망]'}"
11:28:09,LS,BUY,1,216050.0,0.0,"{'rt_cd': '7', 'msg_cd': 'APAC0289', 'msg1': '비밀번호 5회 오류[인터넷뱅킹-계좌비밀번호 오류해제(재등록) 요망]'}"
11:28:09,SKC,BUY,1,133720.0,0.0,"{'rt_cd': '7', 'msg_cd': 'APAC0289', 'msg1': '비밀번호 5회 오류[인터넷뱅킹-계좌비밀번호 오류해제(재등록) 요망]'}"
11:28:11,SKC,SELL(SL),1,130520.0,-3620.0,"{'rt_cd': '7', 'msg_cd': 'APAC0289', 'msg1': '비밀번호 5회 오류[인터넷뱅킹-계좌비밀번호 오류해제(재등록) 요망]'}"
11:28:12,LS ELECTRIC,BUY,1,484180.0,0.0,"{'rt_cd': '7', 'msg_cd': 'APAC0289', 'msg1': '비밀번호 5회 오류[인터넷뱅킹-계좌비밀번호 오류해제(재등록) 요망]'}"
11:28:15,SKC,BUY,1,133720.0,0.0,"{'rt_cd': '7', 'msg_cd': 'APAC0289', 'msg1': '비밀번호 5회 오류[인터넷뱅킹-계좌비밀번호 오류해제(재등록) 요망]'}"
11:28:18,SKC,SELL(SL),1,130520.0,-3520.0,"{'rt_cd': '7', 'msg_cd': 'APAC0289', 'msg1': '비밀번호 5회 오류[인터넷뱅킹-계좌비밀번호 오류해제(재등록) 요망]'}"
11:28:18,LS ELECTRIC,BUY,1,484180.0,0.0,"{'rt_cd': '7', 'msg_cd': 'APAC0289', 'msg1': '비밀번호 5회 오류[인터넷뱅킹-계좌비밀번호 오류해제(재등록) 요망]'}"
11:28:21,SKC,BUY,1,133720.0,0.0,"{'rt_cd': '7', 'msg_cd': 'APAC0289', 'msg1': '비밀번호 5회 오류[인터넷뱅킹-계좌비밀번호 오류해제(재등록) 요망]'}"
11:28:23,SKC,SELL(SL),1,130520.0,-3620.0,"{'rt_cd': '7', 'msg_cd': 'APAC0289', 'msg1': '비밀번호 5회 오류[인터넷뱅킹-계좌비밀번호 오류해제(재등록) 요망]'}"
11:28:24,LS ELECTRIC,BUY,1,484180.0,0.0,"{'rt_cd': '7', 'msg_cd': 'APAC0289', 'msg1': '비밀번호 5회 오류[인터넷뱅킹-계좌비밀번호 오류해제(재등록) 요망]'}"
11:28:27,SKC,BUY,1,133720.0,0.0,"{'rt_cd': '7', 'msg_cd': 'APAC0289', 'msg1': '비밀번호 5회 오류[인터넷뱅킹-계좌비밀번호 오류해제(재등록) 요망]'}"
11:28:29,SKC,SELL(SL),1,130520.0,-3620.0,"{'rt_cd': '7', 'msg_cd': 'APAC0289', 'msg1': '비밀번호 5회 오류[인터넷뱅킹-계좌비밀번호 오류해제(재등록) 요망]'}"
11:28:29,LS ELECTRIC,BUY,1,484180.0,0.0,"{'rt_cd': '7', 'msg_cd': 'APAC0289', 'msg1': '비밀번호 5회 오류[인터넷뱅킹-계좌비밀번호 오류해제(재등록) 요망]'}"
11:28:33,SKC,BUY,1,133720.0,0.0,"{'rt_cd': '7', 'msg_cd': 'APAC0289', 'msg1': '비밀번호 5회 오류[인터넷뱅킹-계좌비밀번호 오류해제(재등록) 요망]'}"
11:28:35,SKC,SELL(SL),1,130520.0,-3620.0,"{'rt_cd': '7', 'msg_cd': 'APAC0289', 'msg1': '비밀번호 5회 오류[인터넷뱅킹-계좌비밀번호 오류해제(재등록) 요망]'}"
11:28:35,LS ELECTRIC,BUY,1,484180.0,0.0,"{'rt_cd': '7', 'msg_cd': 'APAC0289', 'msg1': '비밀번호 5회 오류[인터넷뱅킹-계좌비밀번호 오류해제(재등록) 요망]'}"
11:28:38,SKC,BUY,1,133720.0,0.0,"{'rt_cd': '7', 'msg_cd': 'APAC0289', 'msg1': '비밀번호 5회 오류[인터넷뱅킹-계좌비밀번호 오류해제(재등록) 요망]'}"
11:28:40,SKC,SELL(SL),1,130520.0,-3520.0,"{'rt_cd': '7', 'msg_cd': 'APAC0289', 'msg1': '비밀번호 5회 오류[인터넷뱅킹-계좌비밀번호 오류해제(재등록) 요망]'}"
11:28:40,LS ELECTRIC,BUY,1,484180.0,0.0,"{'rt_cd': '7', 'msg_cd': 'APAC0289', 'msg1': '비밀번호 5회 오류[인터넷뱅킹-계좌비밀번호 오류해제(재등록) 요망]'}"
11:28:44,LS,BUY,1,216050.0,0.0,"{'rt_cd': '7', 'msg_cd': 'APAC0289', 'msg1': '비밀번호 5회 오류[인터넷뱅킹-계좌비밀번호 오류해제(재등록) 요망]'}"
11:28:44,SKC,BUY,1,133720.0,0.0,"{'rt_cd': '7', 'msg_cd': 'APAC0289', 'msg1': '비밀번호 5회 오류[인터넷뱅킹-계좌비밀번호 오류해제(재등록) 요망]'}"
11:28:46,SKC,SELL(SL),1,130520.0,-3520.0,"{'rt_cd': '7', 'msg_cd': 'APAC0289', 'msg1': '비밀번호 5회 오류[인터넷뱅킹-계좌비밀번호 오류해제(재등록) 요망]'}"
11:28:46,LS ELECTRIC,BUY,1,484180.0,0.0,"{'rt_cd': '7', 'msg_cd': 'APAC0289', 'msg1': '비밀번호 5회 오류[인터넷뱅킹-계좌비밀번호 오류해제(재등록) 요망]'}"
11:28:49,LS,BUY,1,216050.0,0.0,"{'rt_cd': '7', 'msg_cd': 'APAC0289', 'msg1': '비밀번호 5회 오류[인터넷뱅킹-계좌비밀번호 오류해제(재등록) 요망]'}"
11:28:49,SKC,BUY,1,133720.0,0.0,"{'rt_cd': '7', 'msg_cd': 'APAC0289', 'msg1': '비밀번호 5회 오류[인터넷뱅킹-계좌비밀번호 오류해제(재등록) 요망]'}"
11:28:51,SKC,SELL(SL),1,130520.0,-3620.0,"{'rt_cd': '7', 'msg_cd': 'APAC0289', 'msg1': '비밀번호 5회 오류[인터넷뱅킹-계좌비밀번호 오류해제(재등록) 요망]'}"
11:28:51,LS ELECTRIC,BUY,1,484180.0,0.0,"{'rt_cd': '7', 'msg_cd': 'APAC0289', 'msg1': '비밀번호 5회 오류[인터넷뱅킹-계좌비밀번호 오류해제(재등록) 요망]'}"
11:28:55,LS,BUY,1,216050.0,0.0,"{'rt_cd': '7', 'msg_cd': 'APAC0289', 'msg1': '비밀번호 5회 오류[인터넷뱅킹-계좌비밀번호 오류해제(재등록) 요망]'}"
11:28:55,SKC,BUY,1,133720.0,0.0,"{'rt_cd': '7', 'msg_cd': 'APAC0289', 'msg1': '비밀번호 5회 오류[인터넷뱅킹-계좌비밀번호 오류해제(재등록) 요망]'}"
11:28:57,SKC,SELL(SL),1,130520.0,-3620.0,"{'rt_cd': '7', 'msg_cd': 'APAC0289', 'msg1': '비밀번호 5회 오류[인터넷뱅킹-계좌비밀번호 오류해제(재등록) 요망]'}"
11:28:57,LS ELECTRIC,BUY,1,484180.0,0.0,"{'rt_cd': '7', 'msg_cd': 'APAC0289', 'msg1': '비밀번호 5회 오류[인터넷뱅킹-계좌비밀번호 오류해제(재등록) 요망]'}"
11:29:01,LS,BUY,1,216050.0,0.0,"{'rt_cd': '7', 'msg_cd': 'APAC0289', 'msg1': '비밀번호 5회 오류[인터넷뱅킹-계좌비밀번호 오류해제(재등록) 요망]'}"
11:29:01,SKC,BUY,1,133720.0,0.0,"{'rt_cd': '7', 'msg_cd': 'APAC0289', 'msg1': '비밀번호 5회 오류[인터넷뱅킹-계좌비밀번호 오류해제(재등록) 요망]'}"
11:29:03,SKC,SELL(SL),1,130520.0,-3620.0,"{'rt_cd': '7', 'msg_cd': 'APAC0289', 'msg1': '비밀번호 5회 오류[인터넷뱅킹-계좌비밀번호 오류해제(재등록) 요망]'}"
11:29:03,LS ELECTRIC,BUY,1,484180.0,0.0,"{'rt_cd': '7', 'msg_cd': 'APAC0289', 'msg1': '비밀번호 5회 오류[인터넷뱅킹-계좌비밀번호 오류해제(재등록) 요망]'}"
11:29:07,SKC,BUY,1,133720.0,0.0,"{'rt_cd': '7', 'msg_cd': 'APAC0289', 'msg1': '비밀번호 5회 오류[인터넷뱅킹-계좌비밀번호 오류해제(재등록) 요망]'}"
11:29:11,SKC,SELL(SL),1,130520.0,-3520.0,"{'rt_cd': '7', 'msg_cd': 'APAC0289', 'msg1': '비밀번호 5회 오류[인터넷뱅킹-계좌비밀번호 오류해제(재등록) 요망]'}"
11:29:11,LS ELECTRIC,BUY,1,484180.0,0.0,"{'rt_cd': '7', 'msg_cd': 'APAC0289', 'msg1': '비밀번호 5회 오류[인터넷뱅킹-계좌비밀번호 오류해제(재등록) 요망]'}"
11:29:14,LS,BUY,1,216050.0,0.0,"{'rt_cd': '7', 'msg_cd': 'APAC0289', 'msg1': '비밀번호 5회 오류[인터넷뱅킹-계좌비밀번호 오류해제(재등록) 요망]'}"
11:29:14,SKC,BUY,1,133720.0,0.0,"{'rt_cd': '7', 'msg_cd': 'APAC0289', 'msg1': '비밀번호 5회 오류[인터넷뱅킹-계좌비밀번호 오류해제(재등록) 요망]'}"
11:29:16,SKC,SELL(SL),1,130520.0,-3720.0,"{'rt_cd': '7', 'msg_cd': 'APAC0289', 'msg1': '비밀번호 5회 오류[인터넷뱅킹-계좌비밀번호 오류해제(재등록) 요망]'}"
11:29:16,LS ELECTRIC,BUY,1,484180.0,0.0,"{'rt_cd': '7', 'msg_cd': 'APAC0289', 'msg1': '비밀번호 5회 오류[인터넷뱅킹-계좌비밀번호 오류해제(재등록) 요망]'}"
11:29:20,SKC,BUY,1,133720.0,0.0,"{'rt_cd': '7', 'msg_cd': 'APAC0289', 'msg1': '비밀번호 5회 오류[인터넷뱅킹-계좌비밀번호 오류해제(재등록) 요망]'}"
11:29:22,SKC,SELL(SL),1,130520.0,-3670.0,"{'rt_cd': '7', 'msg_cd': 'APAC0289', 'msg1': '비밀번호 5회 오류[인터넷뱅킹-계좌비밀번호 오류해제(재등록) 요망]'}"
11:29:22,LS ELECTRIC,BUY,1,484180.0,0.0,"{'rt_cd': '7', 'msg_cd': 'APAC0289', 'msg1': '비밀번호 5회 오류[인터넷뱅킹-계좌비밀번호 오류해제(재등록) 요망]'}"
11:29:26,LS,BUY,1,216050.0,0.0,"{'rt_cd': '7', 'msg_cd': 'APAC0289', 'msg1': '비밀번호 5회 오류[인터넷뱅킹-계좌비밀번호 오류해제(재등록) 요망]'}"
11:29:26,SKC,BUY,1,133720.0,0.0,"{'rt_cd': '7', 'msg_cd': 'APAC0289', 'msg1': '비밀번호 5회 오류[인터넷뱅킹-계좌비밀번호 오류해제(재등록) 요망]'}"
11:29:28,SKC,SELL(SL),1,130520.0,-3620.0,"{'rt_cd': '7', 'msg_cd': 'APAC0289', 'msg1': '비밀번호 5회 오류[인터넷뱅킹-계좌비밀번호 오류해제(재등록) 요망]'}"
11:29:28,LS ELECTRIC,BUY,1,484180.0,0.0,"{'rt_cd': '7', 'msg_cd': 'APAC0289', 'msg1': '비밀번호 5회 오류[인터넷뱅킹-계좌비밀번호 오류해제(재등록) 요망]'}"
11:29:31,SKC,BUY,1,133720.0,0.0,"{'rt_cd': '7', 'msg_cd': 'APAC0289', 'msg1': '비밀번호 5회 오류[인터넷뱅킹-계좌비밀번호 오류해제(재등록) 요망]'}"
11:29:33,SKC,SELL(SL),1,130520.0,-3720.0,"{'rt_cd': '7', 'msg_cd': 'APAC0289', 'msg1': '비밀번호 5회 오류[인터넷뱅킹-계좌비밀번호 오류해제(재등록) 요망]'}"
11:29:33,LS ELECTRIC,BUY,1,484180.0,0.0,"{'rt_cd': '7', 'msg_cd': 'APAC0289', 'msg1': '비밀번호 5회 오류[인터넷뱅킹-계좌비밀번호 오류해제(재등록) 요망]'}"
11:29:36,SKC,BUY,1,133720.0,0.0,"{'rt_cd': '7', 'msg_cd': 'APAC0289', 'msg1': '비밀번호 5회 오류[인터넷뱅킹-계좌비밀번호 오류해제(재등록) 요망]'}"
11:29:38,SKC,SELL(SL),1,130520.0,-3720.0,"{'rt_cd': '7', 'msg_cd': 'APAC0289', 'msg1': '비밀번호 5회 오류[인터넷뱅킹-계좌비밀번호 오류해제(재등록) 요망]'}"
11:29:38,LS ELECTRIC,BUY,1,484180.0,0.0,"{'rt_cd': '7', 'msg_cd': 'APAC0289', 'msg1': '비밀번호 5회 오류[인터넷뱅킹-계좌비밀번호 오류해제(재등록) 요망]'}"
11:29:42,SKC,BUY,1,133720.0,0.0,"{'rt_cd': '7', 'msg_cd': 'APAC0289', 'msg1': '비밀번호 5회 오류[인터넷뱅킹-계좌비밀번호 오류해제(재등록) 요망]'}"
11:29:44,SKC,SELL(SL),1,130520.0,-3620.0,"{'rt_cd': '7', 'msg_cd': 'APAC0289', 'msg1': '비밀번호 5회 오류[인터넷뱅킹-계좌비밀번호 오류해제(재등록) 요망]'}"
11:29:44,LS ELECTRIC,BUY,1,484180.0,0.0,"{'rt_cd': '7', 'msg_cd': 'APAC0289', 'msg1': '비밀번호 5회 오류[인터넷뱅킹-계좌비밀번호 오류해제(재등록) 요망]'}"
11:29:47,LS,BUY,1,216050.0,0.0,"{'rt_cd': '7', 'msg_cd': 'APAC0289', 'msg1': '비밀번호 5회 오류[인터넷뱅킹-계좌비밀번호 오류해제(재등록) 요망]'}"
11:29:47,SKC,BUY,1,133720.0,0.0,"{'rt_cd': '7', 'msg_cd': 'APAC0289', 'msg1': '비밀번호 5회 오류[인터넷뱅킹-계좌비밀번호 오류해제(재등록) 요망]'}"
11:29:50,SKC,SELL(SL),1,130520.0,-3720.0,"{'rt_cd': '7', 'msg_cd': 'APAC0289', 'msg1': '비밀번호 5회 오류[인터넷뱅킹-계좌비밀번호 오류해제(재등록) 요망]'}"
11:29:50,LS ELECTRIC,BUY,1,484180.0,0.0,"{'rt_cd': '7', 'msg_cd': 'APAC0289', 'msg1': '비밀번호 5회 오류[인터넷뱅킹-계좌비밀번호 오류해제(재등록) 요망]'}"
11:29:53,SKC,BUY,1,133720.0,0.0,"{'rt_cd': '7', 'msg_cd': 'APAC0289', 'msg1': '비밀번호 5회 오류[인터넷뱅킹-계좌비밀번호 오류해제(재등록) 요망]'}"
11:29:55,SKC,SELL(SL),1,130520.0,-3720.0,"{'rt_cd': '7', 'msg_cd': 'APAC0289', 'msg1': '비밀번호 5회 오류[인터넷뱅킹-계좌비밀번호 오류해제(재등록) 요망]'}"
11:29:56,LS ELECTRIC,BUY,1,484180.0,0.0,"{'rt_cd': '7', 'msg_cd': 'APAC0289', 'msg1': '비밀번호 5회 오류[인터넷뱅킹-계좌비밀번호 오류해제(재등록) 요망]'}"
11:29:59,LS,BUY,1,216050.0,0.0,"{'rt_cd': '7', 'msg_cd': 'APAC0289', 'msg1': '비밀번호 5회 오류[인터넷뱅킹-계좌비밀번호 오류해제(재등록) 요망]'}"
11:29:59,SKC,BUY,1,133720.0,0.0,"{'rt_cd': '7', 'msg_cd': 'APAC0289', 'msg1': '비밀번호 5회 오류[인터넷뱅킹-계좌비밀번호 오류해제(재등록) 요망]'}"
11:30:01,SKC,SELL(SL),1,130520.0,-3720.0,"{'rt_cd': '7', 'msg_cd': 'APAC0289', 'msg1': '비밀번호 5회 오류[인터넷뱅킹-계좌비밀번호 오류해제(재등록) 요망]'}"
11:30:01,LS ELECTRIC,BUY,1,484180.0,0.0,"{'rt_cd': '7', 'msg_cd': 'APAC0289', 'msg1': '비밀번호 5회 오류[인터넷뱅킹-계좌비밀번호 오류해제(재등록) 요망]'}"
11:30:04,SKC,BUY,1,133720.0,0.0,"{'rt_cd': '7', 'msg_cd': 'APAC0289', 'msg1': '비밀번호 5회 오류[인터넷뱅킹-계좌비밀번호 오류해제(재등록) 요망]'}"
11:30:07,SKC,SELL(SL),1,130520.0,-3720.0,"{'rt_cd': '7', 'msg_cd': 'APAC0289', 'msg1': '비밀번호 5회 오류[인터넷뱅킹-계좌비밀번호 오류해제(재등록) 요망]'}"
11:30:07,LS ELECTRIC,BUY,1,484180.0,0.0,"{'rt_cd': '7', 'msg_cd': 'APAC0289', 'msg1': '비밀번호 5회 오류[인터넷뱅킹-계좌비밀번호 오류해제(재등록) 요망]'}"
11:30:10,LS,BUY,1,216050.0,0.0,"{'rt_cd': '7', 'msg_cd': 'APAC0289', 'msg1': '비밀번호 5회 오류[인터넷뱅킹-계좌비밀번호 오류해제(재등록) 요망]'}"
11:30:10,SKC,BUY,1,133720.0,0.0,"{'rt_cd': '7', 'msg_cd': 'APAC0289', 'msg1': '비밀번호 5회 오류[인터넷뱅킹-계좌비밀번호 오류해제(재등록) 요망]'}"
11:30:12,SKC,SELL(SL),1,130520.0,-3720.0,"{'rt_cd': '7', 'msg_cd': 'APAC0289', 'msg1': '비밀번호 5회 오류[인터넷뱅킹-계좌비밀번호 오류해제(재등록) 요망]'}"
11:30:13,LS ELECTRIC,BUY,1,484180.0,0.0,"{'rt_cd': '7', 'msg_cd': 'APAC0289', 'msg1': '비밀번호 5회 오류[인터넷뱅킹-계좌비밀번호 오류해제(재등록) 요망]'}"
11:30:16,SKC,BUY,1,133720.0,0.0,"{'rt_cd': '7', 'msg_cd': 'APAC0289', 'msg1': '비밀번호 5회 오류[인터넷뱅킹-계좌비밀번호 오류해제(재등록) 요망]'}"
11:30:18,SKC,SELL(SL),1,130520.0,-3720.0,"{'rt_cd': '7', 'msg_cd': 'APAC0289', 'msg1': '비밀번호 5회 오류[인터넷뱅킹-계좌비밀번호 오류해제(재등록) 요망]'}"
11:30:18,LS ELECTRIC,BUY,1,484180.0,0.0,"{'rt_cd': '7', 'msg_cd': 'APAC0289', 'msg1': '비밀번호 5회 오류[인터넷뱅킹-계좌비밀번호 오류해제(재등록) 요망]'}"
11:30:22,LS,BUY,1,216050.0,0.0,"{'rt_cd': '7', 'msg_cd': 'APAC0289', 'msg1': '비밀번호 5회 오류[인터넷뱅킹-계좌비밀번호 오류해제(재등록) 요망]'}"
11:30:22,SKC,BUY,1,133720.0,0.0,"{'rt_cd': '7', 'msg_cd': 'APAC0289', 'msg1': '비밀번호 5회 오류[인터넷뱅킹-계좌비밀번호 오류해제(재등록) 요망]'}"
11:30:24,SKC,SELL(SL),1,130520.0,-3720.0,"{'rt_cd': '7', 'msg_cd': 'APAC0289', 'msg1': '비밀번호 5회 오류[인터넷뱅킹-계좌비밀번호 오류해제(재등록) 요망]'}"
11:30:24,LS ELECTRIC,BUY,1,484180.0,0.0,"{'rt_cd': '7', 'msg_cd': 'APAC0289', 'msg1': '비밀번호 5회 오류[인터넷뱅킹-계좌비밀번호 오류해제(재등록) 요망]'}"
11:30:27,SKC,BUY,1,133720.0,0.0,"{'rt_cd': '7', 'msg_cd': 'APAC0289', 'msg1': '비밀번호 5회 오류[인터넷뱅킹-계좌비밀번호 오류해제(재등록) 요망]'}"
11:30:29,SKC,SELL(SL),1,130520.0,-3720.0,"{'rt_cd': '7', 'msg_cd': 'APAC0289', 'msg1': '비밀번호 5회 오류[인터넷뱅킹-계좌비밀번호 오류해제(재등록) 요망]'}"
11:30:29,LS ELECTRIC,BUY,1,484180.0,0.0,"{'rt_cd': '7', 'msg_cd': 'APAC0289', 'msg1': '비밀번호 5회 오류[인터넷뱅킹-계좌비밀번호 오류해제(재등록) 요망]'}"
11:30:32,SKC,BUY,1,133720.0,0.0,"{'rt_cd': '7', 'msg_cd': 'APAC0289', 'msg1': '비밀번호 5회 오류[인터넷뱅킹-계좌비밀번호 오류해제(재등록) 요망]'}"
11:30:34,SKC,SELL(SL),1,130520.0,-3720.0,"{'rt_cd': '7', 'msg_cd': 'APAC0289', 'msg1': '비밀번호 5회 오류[인터넷뱅킹-계좌비밀번호 오류해제(재등록) 요망]'}"
11:30:34,LS ELECTRIC,BUY,1,484180.0,0.0,"{'rt_cd': '7', 'msg_cd': 'APAC0289', 'msg1': '비밀번호 5회 오류[인터넷뱅킹-계좌비밀번호 오류해제(재등록) 요망]'}"
11:30:38,SKC,BUY,1,133720.0,0.0,"{'rt_cd': '7', 'msg_cd': 'APAC0289', 'msg1': '비밀번호 5회 오류[인터넷뱅킹-계좌비밀번호 오류해제(재등록) 요망]'}"
11:30:39,SKC,SELL(SL),1,130520.0,-3720.0,"{'rt_cd': '7', 'msg_cd': 'APAC0289', 'msg1': '비밀번호 5회 오류[인터넷뱅킹-계좌비밀번호 오류해제(재등록) 요망]'}"
11:30:39,LS ELECTRIC,BUY,1,484180.0,0.0,"{'rt_cd': '7', 'msg_cd': 'APAC0289', 'msg1': '비밀번호 5회 오류[인터넷뱅킹-계좌비밀번호 오류해제(재등록) 요망]'}"
11:30:43,SKC,BUY,1,133720.0,0.0,"{'rt_cd': '7', 'msg_cd': 'APAC0289', 'msg1': '비밀번호 5회 오류[인터넷뱅킹-계좌비밀번호 오류해제(재등록) 요망]'}"
11:30:45,SKC,SELL(SL),1,130520.0,-3620.0,"{'rt_cd': '7', 'msg_cd': 'APAC0289', 'msg1': '비밀번호 5회 오류[인터넷뱅킹-계좌비밀번호 오류해제(재등록) 요망]'}"
11:30:45,LS ELECTRIC,BUY,1,484180.0,0.0,"{'rt_cd': '7', 'msg_cd': 'APAC0289', 'msg1': '비밀번호 5회 오류[인터넷뱅킹-계좌비밀번호 오류해제(재등록) 요망]'}"
11:30:48,SKC,BUY,1,133720.0,0.0,"{'rt_cd': '7', 'msg_cd': 'APAC0289', 'msg1': '비밀번호 5회 오류[인터넷뱅킹-계좌비밀번호 오류해제(재등록) 요망]'}"
11:30:50,SKC,SELL(SL),1,130520.0,-3620.0,"{'rt_cd': '7', 'msg_cd': 'APAC0289', 'msg1': '비밀번호 5회 오류[인터넷뱅킹-계좌비밀번호 오류해제(재등록) 요망]'}"
11:30:50,LS ELECTRIC,BUY,1,484180.0,0.0,"{'rt_cd': '7', 'msg_cd': 'APAC0289', 'msg1': '비밀번호 5회 오류[인터넷뱅킹-계좌비밀번호 오류해제(재등록) 요망]'}"
11:30:53,SKC,BUY,1,133720.0,0.0,"{'rt_cd': '7', 'msg_cd': 'APAC0289', 'msg1': '비밀번호 5회 오류[인터넷뱅킹-계좌비밀번호 오류해제(재등록) 요망]'}"
11:30:56,SKC,SELL(SL),1,130520.0,-3720.0,"{'rt_cd': '7', 'msg_cd': 'APAC0289', 'msg1': '비밀번호 5회 오류[인터넷뱅킹-계좌비밀번호 오류해제(재등록) 요망]'}"
11:30:56,LS ELECTRIC,BUY,1,484180.0,0.0,"{'rt_cd': '7', 'msg_cd': 'APAC0289', 'msg1': '비밀번호 5회 오류[인터넷뱅킹-계좌비밀번호 오류해제(재등록) 요망]'}"
11:30:59,SKC,BUY,1,133720.0,0.0,"{'rt_cd': '7', 'msg_cd': 'APAC0289', 'msg1': '비밀번호 5회 오류[인터넷뱅킹-계좌비밀번호 오류해제(재등록) 요망]'}"
11:31:01,SKC,SELL(SL),1,130520.0,-3720.0,"{'rt_cd': '7', 'msg_cd': 'APAC0289', 'msg1': '비밀번호 5회 오류[인터넷뱅킹-계좌비밀번호 오류해제(재등록) 요망]'}"
11:31:01,LS ELECTRIC,BUY,1,484180.0,0.0,"{'rt_cd': '7', 'msg_cd': 'APAC0289', 'msg1': '비밀번호 5회 오류[인터넷뱅킹-계좌비밀번호 오류해제(재등록) 요망]'}"
11:31:05,SKC,BUY,1,133720.0,0.0,"{'rt_cd': '7', 'msg_cd': 'APAC0289', 'msg1': '비밀번호 5회 오류[인터넷뱅킹-계좌비밀번호 오류해제(재등록) 요망]'}"
11:31:06,SKC,SELL(SL),1,130520.0,-3720.0,"{'rt_cd': '7', 'msg_cd': 'APAC0289', 'msg1': '비밀번호 5회 오류[인터넷뱅킹-계좌비밀번호 오류해제(재등록) 요망]'}"
11:31:07,LS ELECTRIC,BUY,1,484180.0,0.0,"{'rt_cd': '7', 'msg_cd': 'APAC0289', 'msg1': '비밀번호 5회 오류[인터넷뱅킹-계좌비밀번호 오류해제(재등록) 요망]'}"
11:31:10,SKC,BUY,1,133720.0,0.0,"{'rt_cd': '7', 'msg_cd': 'APAC0289', 'msg1': '비밀번호 5회 오류[인터넷뱅킹-계좌비밀번호 오류해제(재등록) 요망]'}"
11:31:13,SKC,SELL(SL),1,130520.0,-3720.0,"{'rt_cd': '7', 'msg_cd': 'APAC0289', 'msg1': '비밀번호 5회 오류[인터넷뱅킹-계좌비밀번호 오류해제(재등록) 요망]'}"
11:31:13,LS ELECTRIC,BUY,1,484180.0,0.0,"{'rt_cd': '7', 'msg_cd': 'APAC0289', 'msg1': '비밀번호 5회 오류[인터넷뱅킹-계좌비밀번호 오류해제(재등록) 요망]'}"
11:31:16,SKC,BUY,1,133720.0,0.0,"{'rt_cd': '7', 'msg_cd': 'APAC0289', 'msg1': '비밀번호 5회 오류[인터넷뱅킹-계좌비밀번호 오류해제(재등록) 요망]'}"
11:31:18,SKC,SELL(SL),1,130520.0,-3820.0,"{'rt_cd': '7', 'msg_cd': 'APAC0289', 'msg1': '비밀번호 5회 오류[인터넷뱅킹-계좌비밀번호 오류해제(재등록) 요망]'}"
11:31:19,LS ELECTRIC,BUY,1,484180.0,0.0,"{'rt_cd': '7', 'msg_cd': 'APAC0289', 'msg1': '비밀번호 5회 오류[인터넷뱅킹-계좌비밀번호 오류해제(재등록) 요망]'}"
11:31:22,LS,BUY,1,216050.0,0.0,"{'rt_cd': '7', 'msg_cd': 'APAC0289', 'msg1': '비밀번호 5회 오류[인터넷뱅킹-계좌비밀번호 오류해제(재등록) 요망]'}"
11:31:22,SKC,BUY,1,133720.0,0.0,"{'rt_cd': '7', 'msg_cd': 'APAC0289', 'msg1': '비밀번호 5회 오류[인터넷뱅킹-계좌비밀번호 오류해제(재등록) 요망]'}"
11:31:24,SKC,SELL(SL),1,130520.0,-3820.0,"{'rt_cd': '7', 'msg_cd': 'APAC0289', 'msg1': '비밀번호 5회 오류[인터넷뱅킹-계좌비밀번호 오류해제(재등록) 요망]'}"
11:31:25,LS ELECTRIC,BUY,1,484180.0,0.0,"{'rt_cd': '7', 'msg_cd': 'APAC0289', 'msg1': '비밀번호 5회 오류[인터넷뱅킹-계좌비밀번호 오류해제(재등록) 요망]'}"
11:31:28,SKC,BUY,1,133720.0,0.0,"{'rt_cd': '7', 'msg_cd': 'APAC0289', 'msg1': '비밀번호 5회 오류[인터넷뱅킹-계좌비밀번호 오류해제(재등록) 요망]'}"
11:31:30,SKC,SELL(SL),1,130520.0,-3920.0,"{'rt_cd': '7', 'msg_cd': 'APAC0289', 'msg1': '비밀번호 5회 오류[인터넷뱅킹-계좌비밀번호 오류해제(재등록) 요망]'}"
11:31:31,LS ELECTRIC,BUY,1,484180.0,0.0,"{'rt_cd': '7', 'msg_cd': 'APAC0289', 'msg1': '비밀번호 5회 오류[인터넷뱅킹-계좌비밀번호 오류해제(재등록) 요망]'}"
11:31:34,SKC,BUY,1,133720.0,0.0,"{'rt_cd': '7', 'msg_cd': 'APAC0289', 'msg1': '비밀번호 5회 오류[인터넷뱅킹-계좌비밀번호 오류해제(재등록) 요망]'}"
11:31:36,SKC,SELL(SL),1,130520.0,-3920.0,"{'rt_cd': '7', 'msg_cd': 'APAC0289', 'msg1': '비밀번호 5회 오류[인터넷뱅킹-계좌비밀번호 오류해제(재등록) 요망]'}"
11:31:36,LS ELECTRIC,BUY,1,484180.0,0.0,"{'rt_cd': '7', 'msg_cd': 'APAC0289', 'msg1': '비밀번호 5회 오류[인터넷뱅킹-계좌비밀번호 오류해제(재등록) 요망]'}"
11:31:39,SKC,BUY,1,133720.0,0.0,"{'rt_cd': '7', 'msg_cd': 'APAC0289', 'msg1': '비밀번호 5회 오류[인터넷뱅킹-계좌비밀번호 오류해제(재등록) 요망]'}"
11:31:42,SKC,SELL(SL),1,130520.0,-3920.0,"{'rt_cd': '7', 'msg_cd': 'APAC0289', 'msg1': '비밀번호 5회 오류[인터넷뱅킹-계좌비밀번호 오류해제(재등록) 요망]'}"
11:31:42,LS ELECTRIC,BUY,1,484180.0,0.0,"{'rt_cd': '7', 'msg_cd': 'APAC0289', 'msg1': '비밀번호 5회 오류[인터넷뱅킹-계좌비밀번호 오류해제(재등록) 요망]'}"
11:31:45,SKC,BUY,1,133720.0,0.0,"{'rt_cd': '7', 'msg_cd': 'APAC0289', 'msg1': '비밀번호 5회 오류[인터넷뱅킹-계좌비밀번호 오류해제(재등록) 요망]'}"
11:31:48,SKC,SELL(SL),1,130520.0,-3920.0,"{'rt_cd': '7', 'msg_cd': 'APAC0289', 'msg1': '비밀번호 5회 오류[인터넷뱅킹-계좌비밀번호 오류해제(재등록) 요망]'}"
11:31:48,LS ELECTRIC,BUY,1,484180.0,0.0,"{'rt_cd': '7', 'msg_cd': 'APAC0289', 'msg1': '비밀번호 5회 오류[인터넷뱅킹-계좌비밀번호 오류해제(재등록) 요망]'}"
11:31:51,SKC,BUY,1,133720.0,0.0,"{'rt_cd': '7', 'msg_cd': 'APAC0289', 'msg1': '비밀번호 5회 오류[인터넷뱅킹-계좌비밀번호 오류해제(재등록) 요망]'}"
11:31:53,SKC,SELL(SL),1,130520.0,-3920.0,"{'rt_cd': '7', 'msg_cd': 'APAC0289', 'msg1': '비밀번호 5회 오류[인터넷뱅킹-계좌비밀번호 오류해제(재등록) 요망]'}"
11:31:53,LS ELECTRIC,BUY,1,484180.0,0.0,"{'rt_cd': '7', 'msg_cd': 'APAC0289', 'msg1': '비밀번호 5회 오류[인터넷뱅킹-계좌비밀번호 오류해제(재등록) 요망]'}"
11:31:56,SKC,BUY,1,133720.0,0.0,"{'rt_cd': '7', 'msg_cd': 'APAC0289', 'msg1': '비밀번호 5회 오류[인터넷뱅킹-계좌비밀번호 오류해제(재등록) 요망]'}"
11:31:58,SKC,SELL(SL),1,130520.0,-3920.0,"{'rt_cd': '7', 'msg_cd': 'APAC0289', 'msg1': '비밀번호 5회 오류[인터넷뱅킹-계좌비밀번호 오류해제(재등록) 요망]'}"
11:31:58,LS ELECTRIC,BUY,1,484180.0,0.0,"{'rt_cd': '7', 'msg_cd': 'APAC0289', 'msg1': '비밀번호 5회 오류[인터넷뱅킹-계좌비밀번호 오류해제(재등록) 요망]'}"
11:32:02,SKC,BUY,1,133720.0,0.0,"{'rt_cd': '7', 'msg_cd': 'APAC0289', 'msg1': '비밀번호 5회 오류[인터넷뱅킹-계좌비밀번호 오류해제(재등록) 요망]'}"
11:32:04,SKC,SELL(SL),1,130520.0,-3920.0,"{'rt_cd': '7', 'msg_cd': 'APAC0289', 'msg1': '비밀번호 5회 오류[인터넷뱅킹-계좌비밀번호 오류해제(재등록) 요망]'}"
11:32:04,LS ELECTRIC,BUY,1,484180.0,0.0,"{'rt_cd': '7', 'msg_cd': 'APAC0289', 'msg1': '비밀번호 5회 오류[인터넷뱅킹-계좌비밀번호 오류해제(재등록) 요망]'}"
11:32:07,SKC,BUY,1,133720.0,0.0,"{'rt_cd': '7', 'msg_cd': 'APAC0289', 'msg1': '비밀번호 5회 오류[인터넷뱅킹-계좌비밀번호 오류해제(재등록) 요망]'}"
11:32:09,SKC,SELL(SL),1,130520.0,-4020.0,"{'rt_cd': '7', 'msg_cd': 'APAC0289', 'msg1': '비밀번호 5회 오류[인터넷뱅킹-계좌비밀번호 오류해제(재등록) 요망]'}"
11:32:09,LS ELECTRIC,BUY,1,484180.0,0.0,"{'rt_cd': '7', 'msg_cd': 'APAC0289', 'msg1': '비밀번호 5회 오류[인터넷뱅킹-계좌비밀번호 오류해제(재등록) 요망]'}"
11:32:12,SKC,BUY,1,133720.0,0.0,"{'rt_cd': '7', 'msg_cd': 'APAC0289', 'msg1': '비밀번호 5회 오류[인터넷뱅킹-계좌비밀번호 오류해제(재등록) 요망]'}"
11:32:14,SKC,SELL(SL),1,130520.0,-3920.0,"{'rt_cd': '7', 'msg_cd': 'APAC0289', 'msg1': '비밀번호 5회 오류[인터넷뱅킹-계좌비밀번호 오류해제(재등록) 요망]'}"
11:32:15,LS ELECTRIC,BUY,1,484180.0,0.0,"{'rt_cd': '7', 'msg_cd': 'APAC0289', 'msg1': '비밀번호 5회 오류[인터넷뱅킹-계좌비밀번호 오류해제(재등록) 요망]'}"
11:32:18,SKC,BUY,1,133720.0,0.0,"{'rt_cd': '7', 'msg_cd': 'APAC0289', 'msg1': '비밀번호 5회 오류[인터넷뱅킹-계좌비밀번호 오류해제(재등록) 요망]'}"
11:32:20,SKC,SELL(SL),1,130520.0,-3920.0,"{'rt_cd': '7', 'msg_cd': 'APAC0289', 'msg1': '비밀번호 5회 오류[인터넷뱅킹-계좌비밀번호 오류해제(재등록) 요망]'}"
11:32:20,LS ELECTRIC,BUY,1,484180.0,0.0,"{'rt_cd': '7', 'msg_cd': 'APAC0289', 'msg1': '비밀번호 5회 오류[인터넷뱅킹-계좌비밀번호 오류해제(재등록) 요망]'}"
11:32:23,SKC,BUY,1,133720.0,0.0,"{'rt_cd': '7', 'msg_cd': 'APAC0289', 'msg1': '비밀번호 5회 오류[인터넷뱅킹-계좌비밀번호 오류해제(재등록) 요망]'}"
11:32:25,SKC,SELL(SL),1,130520.0,-3920.0,"{'rt_cd': '7', 'msg_cd': 'APAC0289', 'msg1': '비밀번호 5회 오류[인터넷뱅킹-계좌비밀번호 오류해제(재등록) 요망]'}"
11:32:25,LS ELECTRIC,BUY,1,484180.0,0.0,"{'rt_cd': '7', 'msg_cd': 'APAC0289', 'msg1': '비밀번호 5회 오류[인터넷뱅킹-계좌비밀번호 오류해제(재등록) 요망]'}"
11:32:29,SKC,BUY,1,133720.0,0.0,"{'rt_cd': '7', 'msg_cd': 'APAC0289', 'msg1': '비밀번호 5회 오류[인터넷뱅킹-계좌비밀번호 오류해제(재등록) 요망]'}"
11:32:31,SKC,SELL(SL),1,130520.0,-3920.0,"{'rt_cd': '7', 'msg_cd': 'APAC0289', 'msg1': '비밀번호 5회 오류[인터넷뱅킹-계좌비밀번호 오류해제(재등록) 요망]'}"
11:32:31,LS ELECTRIC,BUY,1,484180.0,0.0,"{'rt_cd': '7', 'msg_cd': 'APAC0289', 'msg1': '비밀번호 5회 오류[인터넷뱅킹-계좌비밀번호 오류해제(재등록) 요망]'}"
11:32:34,SKC,BUY,1,133720.0,0.0,"{'rt_cd': '7', 'msg_cd': 'APAC0289', 'msg1': '비밀번호 5회 오류[인터넷뱅킹-계좌비밀번호 오류해제(재등록) 요망]'}"
11:32:36,SKC,SELL(SL),1,130520.0,-4020.0,"{'rt_cd': '7', 'msg_cd': 'APAC0289', 'msg1': '비밀번호 5회 오류[인터넷뱅킹-계좌비밀번호 오류해제(재등록) 요망]'}"
11:32:36,LS ELECTRIC,BUY,1,484180.0,0.0,"{'rt_cd': '7', 'msg_cd': 'APAC0289', 'msg1': '비밀번호 5회 오류[인터넷뱅킹-계좌비밀번호 오류해제(재등록) 요망]'}"
11:32:40,SKC,BUY,1,133720.0,0.0,"{'rt_cd': '7', 'msg_cd': 'APAC0289', 'msg1': '비밀번호 5회 오류[인터넷뱅킹-계좌비밀번호 오류해제(재등록) 요망]'}"
11:32:42,SKC,SELL(SL),1,130520.0,-3920.0,"{'rt_cd': '7', 'msg_cd': 'APAC0289', 'msg1': '비밀번호 5회 오류[인터넷뱅킹-계좌비밀번호 오류해제(재등록) 요망]'}"
11:32:42,LS ELECTRIC,BUY,1,484180.0,0.0,"{'rt_cd': '7', 'msg_cd': 'APAC0289', 'msg1': '비밀번호 5회 오류[인터넷뱅킹-계좌비밀번호 오류해제(재등록) 요망]'}"
11:32:46,SKC,BUY,1,133720.0,0.0,"{'rt_cd': '7', 'msg_cd': 'APAC0289', 'msg1': '비밀번호 5회 오류[인터넷뱅킹-계좌비밀번호 오류해제(재등록) 요망]'}"
11:32:47,SKC,SELL(SL),1,130520.0,-3820.0,"{'rt_cd': '7', 'msg_cd': 'APAC0289', 'msg1': '비밀번호 5회 오류[인터넷뱅킹-계좌비밀번호 오류해제(재등록) 요망]'}"
11:32:48,LS ELECTRIC,BUY,1,484180.0,0.0,"{'rt_cd': '7', 'msg_cd': 'APAC0289', 'msg1': '비밀번호 5회 오류[인터넷뱅킹-계좌비밀번호 오류해제(재등록) 요망]'}"
11:32:51,SKC,BUY,1,133720.0,0.0,"{'rt_cd': '7', 'msg_cd': 'APAC0289', 'msg1': '비밀번호 5회 오류[인터넷뱅킹-계좌비밀번호 오류해제(재등록) 요망]'}"
11:32:53,SKC,SELL(SL),1,130520.0,-3920.0,"{'rt_cd': '7', 'msg_cd': 'APAC0289', 'msg1': '비밀번호 5회 오류[인터넷뱅킹-계좌비밀번호 오류해제(재등록) 요망]'}"
11:32:53,LS ELECTRIC,BUY,1,484180.0,0.0,"{'rt_cd': '7', 'msg_cd': 'APAC0289', 'msg1': '비밀번호 5회 오류[인터넷뱅킹-계좌비밀번호 오류해제(재등록) 요망]'}"
11:32:57,SKC,BUY,1,133720.0,0.0,"{'rt_cd': '7', 'msg_cd': 'APAC0289', 'msg1': '비밀번호 5회 오류[인터넷뱅킹-계좌비밀번호 오류해제(재등록) 요망]'}"
11:32:59,SKC,SELL(SL),1,130520.0,-3920.0,"{'rt_cd': '7', 'msg_cd': 'APAC0289', 'msg1': '비밀번호 5회 오류[인터넷뱅킹-계좌비밀번호 오류해제(재등록) 요망]'}"
11:32:59,LS ELECTRIC,BUY,1,484180.0,0.0,"{'rt_cd': '7', 'msg_cd': 'APAC0289', 'msg1': '비밀번호 5회 오류[인터넷뱅킹-계좌비밀번호 오류해제(재등록) 요망]'}"
11:33:03,SKC,BUY,1,133720.0,0.0,"{'rt_cd': '7', 'msg_cd': 'APAC0289', 'msg1': '비밀번호 5회 오류[인터넷뱅킹-계좌비밀번호 오류해제(재등록) 요망]'}"
11:33:05,SKC,SELL(SL),1,130520.0,-3920.0,"{'rt_cd': '7', 'msg_cd': 'APAC0289', 'msg1': '비밀번호 5회 오류[인터넷뱅킹-계좌비밀번호 오류해제(재등록) 요망]'}"
11:33:05,LS ELECTRIC,BUY,1,484180.0,0.0,"{'rt_cd': '7', 'msg_cd': 'APAC0289', 'msg1': '비밀번호 5회 오류[인터넷뱅킹-계좌비밀번호 오류해제(재등록) 요망]'}"
11:33:08,SKC,BUY,1,133720.0,0.0,"{'rt_cd': '7', 'msg_cd': 'APAC0289', 'msg1': '비밀번호 5회 오류[인터넷뱅킹-계좌비밀번호 오류해제(재등록) 요망]'}"
11:33:11,SKC,SELL(SL),1,130520.0,-3920.0,"{'rt_cd': '7', 'msg_cd': 'APAC0289', 'msg1': '비밀번호 5회 오류[인터넷뱅킹-계좌비밀번호 오류해제(재등록) 요망]'}"
11:33:11,LS ELECTRIC,BUY,1,484180.0,0.0,"{'rt_cd': '7', 'msg_cd': 'APAC0289', 'msg1': '비밀번호 5회 오류[인터넷뱅킹-계좌비밀번호 오류해제(재등록) 요망]'}"
11:33:14,SKC,BUY,1,133720.0,0.0,"{'rt_cd': '7', 'msg_cd': 'APAC0289', 'msg1': '비밀번호 5회 오류[인터넷뱅킹-계좌비밀번호 오류해제(재등록) 요망]'}"
11:33:18,SKC,SELL(SL),1,130520.0,-4020.0,"{'rt_cd': '7', 'msg_cd': 'APAC0289', 'msg1': '비밀번호 5회 오류[인터넷뱅킹-계좌비밀번호 오류해제(재등록) 요망]'}"
11:33:18,LS ELECTRIC,BUY,1,484180.0,0.0,"{'rt_cd': '7', 'msg_cd': 'APAC0289', 'msg1': '비밀번호 5회 오류[인터넷뱅킹-계좌비밀번호 오류해제(재등록) 요망]'}"
11:33:21,SKC,BUY,1,133720.0,0.0,"{'rt_cd': '7', 'msg_cd': 'APAC0289', 'msg1': '비밀번호 5회 오류[인터넷뱅킹-계좌비밀번호 오류해제(재등록) 요망]'}"
11:33:24,SKC,SELL(SL),1,130520.0,-3920.0,"{'rt_cd': '7', 'msg_cd': 'APAC0289', 'msg1': '비밀번호 5회 오류[인터넷뱅킹-계좌비밀번호 오류해제(재등록) 요망]'}"
11:33:24,LS ELECTRIC,BUY,1,484180.0,0.0,"{'rt_cd': '7', 'msg_cd': 'APAC0289', 'msg1': '비밀번호 5회 오류[인터넷뱅킹-계좌비밀번호 오류해제(재등록) 요망]'}"
11:33:27,SKC,BUY,1,133720.0,0.0,"{'rt_cd': '7', 'msg_cd': 'APAC0289', 'msg1': '비밀번호 5회 오류[인터넷뱅킹-계좌비밀번호 오류해제(재등록) 요망]'}"
11:33:29,SKC,SELL(SL),1,130520.0,-4020.0,"{'rt_cd': '7', 'msg_cd': 'APAC0289', 'msg1': '비밀번호 5회 오류[인터넷뱅킹-계좌비밀번호 오류해제(재등록) 요망]'}"
11:33:29,LS ELECTRIC,BUY,1,484180.0,0.0,"{'rt_cd': '7', 'msg_cd': 'APAC0289', 'msg1': '비밀번호 5회 오류[인터넷뱅킹-계좌비밀번호 오류해제(재등록) 요망]'}"
11:33:33,SKC,BUY,1,133720.0,0.0,"{'rt_cd': '7', 'msg_cd': 'APAC0289', 'msg1': '비밀번호 5회 오류[인터넷뱅킹-계좌비밀번호 오류해제(재등록) 요망]'}"
11:33:35,SKC,SELL(SL),1,130520.0,-3920.0,"{'rt_cd': '7', 'msg_cd': 'APAC0289', 'msg1': '비밀번호 5회 오류[인터넷뱅킹-계좌비밀번호 오류해제(재등록) 요망]'}"
11:33:35,LS ELECTRIC,BUY,1,484180.0,0.0,"{'rt_cd': '7', 'msg_cd': 'APAC0289', 'msg1': '비밀번호 5회 오류[인터넷뱅킹-계좌비밀번호 오류해제(재등록) 요망]'}"
11:33:38,SKC,BUY,1,133720.0,0.0,"{'rt_cd': '7', 'msg_cd': 'APAC0289', 'msg1': '비밀번호 5회 오류[인터넷뱅킹-계좌비밀번호 오류해제(재등록) 요망]'}"
11:33:40,SKC,SELL(SL),1,130520.0,-3920.0,"{'rt_cd': '7', 'msg_cd': 'APAC0289', 'msg1': '비밀번호 5회 오류[인터넷뱅킹-계좌비밀번호 오류해제(재등록) 요망]'}"
11:33:40,LS ELECTRIC,BUY,1,484180.0,0.0,"{'rt_cd': '7', 'msg_cd': 'APAC0289', 'msg1': '비밀번호 5회 오류[인터넷뱅킹-계좌비밀번호 오류해제(재등록) 요망]'}"
11:33:44,SKC,BUY,1,133720.0,0.0,"{'rt_cd': '7', 'msg_cd': 'APAC0289', 'msg1': '비밀번호 5회 오류[인터넷뱅킹-계좌비밀번호 오류해제(재등록) 요망]'}"
11:33:46,SKC,SELL(SL),1,130520.0,-3920.0,"{'rt_cd': '7', 'msg_cd': 'APAC0289', 'msg1': '비밀번호 5회 오류[인터넷뱅킹-계좌비밀번호 오류해제(재등록) 요망]'}"
11:33:46,LS ELECTRIC,BUY,1,484180.0,0.0,"{'rt_cd': '7', 'msg_cd': 'APAC0289', 'msg1': '비밀번호 5회 오류[인터넷뱅킹-계좌비밀번호 오류해제(재등록) 요망]'}"
11:33:50,SKC,BUY,1,133720.0,0.0,"{'rt_cd': '7', 'msg_cd': 'APAC0289', 'msg1': '비밀번호 5회 오류[인터넷뱅킹-계좌비밀번호 오류해제(재등록) 요망]'}"
11:33:51,SKC,SELL(SL),1,130520.0,-3920.0,"{'rt_cd': '7', 'msg_cd': 'APAC0289', 'msg1': '비밀번호 5회 오류[인터넷뱅킹-계좌비밀번호 오류해제(재등록) 요망]'}"
11:33:52,LS ELECTRIC,BUY,1,484180.0,0.0,"{'rt_cd': '7', 'msg_cd': 'APAC0289', 'msg1': '비밀번호 5회 오류[인터넷뱅킹-계좌비밀번호 오류해제(재등록) 요망]'}"
11:33:55,SKC,BUY,1,133720.0,0.0,"{'rt_cd': '7', 'msg_cd': 'APAC0289', 'msg1': '비밀번호 5회 오류[인터넷뱅킹-계좌비밀번호 오류해제(재등록) 요망]'}"
11:33:57,SKC,SELL(SL),1,130520.0,-4020.0,"{'rt_cd': '7', 'msg_cd': 'APAC0289', 'msg1': '비밀번호 5회 오류[인터넷뱅킹-계좌비밀번호 오류해제(재등록) 요망]'}"
11:33:57,LS ELECTRIC,BUY,1,484180.0,0.0,"{'rt_cd': '7', 'msg_cd': 'APAC0289', 'msg1': '비밀번호 5회 오류[인터넷뱅킹-계좌비밀번호 오류해제(재등록) 요망]'}"
11:34:00,SKC,BUY,1,133720.0,0.0,"{'rt_cd': '7', 'msg_cd': 'APAC0289', 'msg1': '비밀번호 5회 오류[인터넷뱅킹-계좌비밀번호 오류해제(재등록) 요망]'}"
11:34:02,SKC,SELL(SL),1,130520.0,-4020.0,"{'rt_cd': '7', 'msg_cd': 'APAC0289', 'msg1': '비밀번호 5회 오류[인터넷뱅킹-계좌비밀번호 오류해제(재등록) 요망]'}"
11:34:02,LS ELECTRIC,BUY,1,484180.0,0.0,"{'rt_cd': '7', 'msg_cd': 'APAC0289', 'msg1': '비밀번호 5회 오류[인터넷뱅킹-계좌비밀번호 오류해제(재등록) 요망]'}"
11:34:05,SKC,BUY,1,133720.0,0.0,"{'rt_cd': '7', 'msg_cd': 'APAC0289', 'msg1': '비밀번호 5회 오류[인터넷뱅킹-계좌비밀번호 오류해제(재등록) 요망]'}"
11:34:07,SKC,SELL(SL),1,130520.0,-4020.0,"{'rt_cd': '7', 'msg_cd': 'APAC0289', 'msg1': '비밀번호 5회 오류[인터넷뱅킹-계좌비밀번호 오류해제(재등록) 요망]'}"
11:34:08,LS ELECTRIC,BUY,1,484180.0,0.0,"{'rt_cd': '7', 'msg_cd': 'APAC0289', 'msg1': '비밀번호 5회 오류[인터넷뱅킹-계좌비밀번호 오류해제(재등록) 요망]'}"
11:34:11,SKC,BUY,1,133720.0,0.0,"{'rt_cd': '7', 'msg_cd': 'APAC0289', 'msg1': '비밀번호 5회 오류[인터넷뱅킹-계좌비밀번호 오류해제(재등록) 요망]'}"
11:34:13,SKC,SELL(SL),1,130520.0,-4020.0,"{'rt_cd': '7', 'msg_cd': 'APAC0289', 'msg1': '비밀번호 5회 오류[인터넷뱅킹-계좌비밀번호 오류해제(재등록) 요망]'}"
11:34:13,LS ELECTRIC,BUY,1,484180.0,0.0,"{'rt_cd': '7', 'msg_cd': 'APAC0289', 'msg1': '비밀번호 5회 오류[인터넷뱅킹-계좌비밀번호 오류해제(재등록) 요망]'}"
11:34:16,SKC,BUY,1,133720.0,0.0,"{'rt_cd': '7', 'msg_cd': 'APAC0289', 'msg1': '비밀번호 5회 오류[인터넷뱅킹-계좌비밀번호 오류해제(재등록) 요망]'}"
11:34:19,SKC,SELL(SL),1,130520.0,-4020.0,"{'rt_cd': '7', 'msg_cd': 'APAC0289', 'msg1': '비밀번호 5회 오류[인터넷뱅킹-계좌비밀번호 오류해제(재등록) 요망]'}"
11:34:19,LS ELECTRIC,BUY,1,484180.0,0.0,"{'rt_cd': '7', 'msg_cd': 'APAC0289', 'msg1': '비밀번호 5회 오류[인터넷뱅킹-계좌비밀번호 오류해제(재등록) 요망]'}"
11:34:22,SKC,BUY,1,133720.0,0.0,"{'rt_cd': '7', 'msg_cd': 'APAC0289', 'msg1': '비밀번호 5회 오류[인터넷뱅킹-계좌비밀번호 오류해제(재등록) 요망]'}"
11:34:24,SKC,SELL(SL),1,130520.0,-4020.0,"{'rt_cd': '7', 'msg_cd': 'APAC0289', 'msg1': '비밀번호 5회 오류[인터넷뱅킹-계좌비밀번호 오류해제(재등록) 요망]'}"
11:34:24,LS ELECTRIC,BUY,1,484180.0,0.0,"{'rt_cd': '7', 'msg_cd': 'APAC0289', 'msg1': '비밀번호 5회 오류[인터넷뱅킹-계좌비밀번호 오류해제(재등록) 요망]'}"
11:34:27,SKC,BUY,1,133720.0,0.0,"{'rt_cd': '7', 'msg_cd': 'APAC0289', 'msg1': '비밀번호 5회 오류[인터넷뱅킹-계좌비밀번호 오류해제(재등록) 요망]'}"
11:34:29,SKC,SELL(SL),1,130520.0,-4020.0,"{'rt_cd': '7', 'msg_cd': 'APAC0289', 'msg1': '비밀번호 5회 오류[인터넷뱅킹-계좌비밀번호 오류해제(재등록) 요망]'}"
11:34:29,LS ELECTRIC,BUY,1,484180.0,0.0,"{'rt_cd': '7', 'msg_cd': 'APAC0289', 'msg1': '비밀번호 5회 오류[인터넷뱅킹-계좌비밀번호 오류해제(재등록) 요망]'}"
11:34:33,SKC,BUY,1,133720.0,0.0,"{'rt_cd': '7', 'msg_cd': 'APAC0289', 'msg1': '비밀번호 5회 오류[인터넷뱅킹-계좌비밀번호 오류해제(재등록) 요망]'}"
11:34:35,SKC,SELL(SL),1,130520.0,-4020.0,"{'rt_cd': '7', 'msg_cd': 'APAC0289', 'msg1': '비밀번호 5회 오류[인터넷뱅킹-계좌비밀번호 오류해제(재등록) 요망]'}"
11:34:35,LS ELECTRIC,BUY,1,484180.0,0.0,"{'rt_cd': '7', 'msg_cd': 'APAC0289', 'msg1': '비밀번호 5회 오류[인터넷뱅킹-계좌비밀번호 오류해제(재등록) 요망]'}"
11:34:38,SKC,BUY,1,133720.0,0.0,"{'rt_cd': '7', 'msg_cd': 'APAC0289', 'msg1': '비밀번호 5회 오류[인터넷뱅킹-계좌비밀번호 오류해제(재등록) 요망]'}"
11:34:40,SKC,SELL(SL),1,130520.0,-4020.0,"{'rt_cd': '7', 'msg_cd': 'APAC0289', 'msg1': '비밀번호 5회 오류[인터넷뱅킹-계좌비밀번호 오류해제(재등록) 요망]'}"
11:34:40,LS ELECTRIC,BUY,1,484180.0,0.0,"{'rt_cd': '7', 'msg_cd': 'APAC0289', 'msg1': '비밀번호 5회 오류[인터넷뱅킹-계좌비밀번호 오류해제(재등록) 요망]'}"
11:34:44,SKC,BUY,1,133720.0,0.0,"{'rt_cd': '7', 'msg_cd': 'APAC0289', 'msg1': '비밀번호 5회 오류[인터넷뱅킹-계좌비밀번호 오류해제(재등록) 요망]'}"
11:34:46,SKC,SELL(SL),1,130520.0,-3920.0,"{'rt_cd': '7', 'msg_cd': 'APAC0289', 'msg1': '비밀번호 5회 오류[인터넷뱅킹-계좌비밀번호 오류해제(재등록) 요망]'}"
11:34:46,LS ELECTRIC,BUY,1,484180.0,0.0,"{'rt_cd': '7', 'msg_cd': 'APAC0289', 'msg1': '비밀번호 5회 오류[인터넷뱅킹-계좌비밀번호 오류해제(재등록) 요망]'}"
11:34:49,SKC,BUY,1,133720.0,0.0,"{'rt_cd': '7', 'msg_cd': 'APAC0289', 'msg1': '비밀번호 5회 오류[인터넷뱅킹-계좌비밀번호 오류해제(재등록) 요망]'}"
11:34:51,SKC,SELL(SL),1,130520.0,-4120.0,"{'rt_cd': '7', 'msg_cd': 'APAC0289', 'msg1': '비밀번호 5회 오류[인터넷뱅킹-계좌비밀번호 오류해제(재등록) 요망]'}"
11:34:51,LS ELECTRIC,BUY,1,484180.0,0.0,"{'rt_cd': '7', 'msg_cd': 'APAC0289', 'msg1': '비밀번호 5회 오류[인터넷뱅킹-계좌비밀번호 오류해제(재등록) 요망]'}"
11:34:54,SKC,BUY,1,133720.0,0.0,"{'rt_cd': '7', 'msg_cd': 'APAC0289', 'msg1': '비밀번호 5회 오류[인터넷뱅킹-계좌비밀번호 오류해제(재등록) 요망]'}"
11:34:56,SKC,SELL(SL),1,130520.0,-4020.0,"{'rt_cd': '7', 'msg_cd': 'APAC0289', 'msg1': '비밀번호 5회 오류[인터넷뱅킹-계좌비밀번호 오류해제(재등록) 요망]'}"
11:34:56,LS ELECTRIC,BUY,1,484180.0,0.0,"{'rt_cd': '7', 'msg_cd': 'APAC0289', 'msg1': '비밀번호 5회 오류[인터넷뱅킹-계좌비밀번호 오류해제(재등록) 요망]'}"
11:35:00,SKC,BUY,1,133720.0,0.0,"{'rt_cd': '7', 'msg_cd': 'APAC0289', 'msg1': '비밀번호 5회 오류[인터넷뱅킹-계좌비밀번호 오류해제(재등록) 요망]'}"
11:35:02,SKC,SELL(SL),1,130520.0,-4020.0,"{'rt_cd': '7', 'msg_cd': 'APAC0289', 'msg1': '비밀번호 5회 오류[인터넷뱅킹-계좌비밀번호 오류해제(재등록) 요망]'}"
11:35:02,LS ELECTRIC,BUY,1,484180.0,0.0,"{'rt_cd': '7', 'msg_cd': 'APAC0289', 'msg1': '비밀번호 5회 오류[인터넷뱅킹-계좌비밀번호 오류해제(재등록) 요망]'}"
11:35:05,SKC,BUY,1,133720.0,0.0,"{'rt_cd': '7', 'msg_cd': 'APAC0289', 'msg1': '비밀번호 5회 오류[인터넷뱅킹-계좌비밀번호 오류해제(재등록) 요망]'}"
11:35:07,SKC,SELL(SL),1,130520.0,-3920.0,"{'rt_cd': '7', 'msg_cd': 'APAC0289', 'msg1': '비밀번호 5회 오류[인터넷뱅킹-계좌비밀번호 오류해제(재등록) 요망]'}"
11:35:07,LS ELECTRIC,BUY,1,484180.0,0.0,"{'rt_cd': '7', 'msg_cd': 'APAC0289', 'msg1': '비밀번호 5회 오류[인터넷뱅킹-계좌비밀번호 오류해제(재등록) 요망]'}"
11:35:11,SKC,BUY,1,133720.0,0.0,"{'rt_cd': '7', 'msg_cd': 'APAC0289', 'msg1': '비밀번호 5회 오류[인터넷뱅킹-계좌비밀번호 오류해제(재등록) 요망]'}"
11:35:13,SKC,SELL(SL),1,130520.0,-4020.0,"{'rt_cd': '7', 'msg_cd': 'APAC0289', 'msg1': '비밀번호 5회 오류[인터넷뱅킹-계좌비밀번호 오류해제(재등록) 요망]'}"
11:35:13,LS ELECTRIC,BUY,1,484180.0,0.0,"{'rt_cd': '7', 'msg_cd': 'APAC0289', 'msg1': '비밀번호 5회 오류[인터넷뱅킹-계좌비밀번호 오류해제(재등록) 요망]'}"
11:35:17,SKC,BUY,1,133720.0,0.0,"{'rt_cd': '7', 'msg_cd': 'APAC0289', 'msg1': '비밀번호 5회 오류[인터넷뱅킹-계좌비밀번호 오류해제(재등록) 요망]'}"
11:35:18,SKC,SELL(SL),1,130520.0,-4020.0,"{'rt_cd': '7', 'msg_cd': 'APAC0289', 'msg1': '비밀번호 5회 오류[인터넷뱅킹-계좌비밀번호 오류해제(재등록) 요망]'}"
11:35:19,LS ELECTRIC,BUY,1,484180.0,0.0,"{'rt_cd': '7', 'msg_cd': 'APAC0289', 'msg1': '비밀번호 5회 오류[인터넷뱅킹-계좌비밀번호 오류해제(재등록) 요망]'}"
11:35:22,SKC,BUY,1,133720.0,0.0,"{'rt_cd': '7', 'msg_cd': 'APAC0289', 'msg1': '비밀번호 5회 오류[인터넷뱅킹-계좌비밀번호 오류해제(재등록) 요망]'}"
11:35:24,SKC,SELL(SL),1,130520.0,-4020.0,"{'rt_cd': '7', 'msg_cd': 'APAC0289', 'msg1': '비밀번호 5회 오류[인터넷뱅킹-계좌비밀번호 오류해제(재등록) 요망]'}"
11:35:24,LS ELECTRIC,BUY,1,484180.0,0.0,"{'rt_cd': '7', 'msg_cd': 'APAC0289', 'msg1': '비밀번호 5회 오류[인터넷뱅킹-계좌비밀번호 오류해제(재등록) 요망]'}"
11:35:27,SKC,BUY,1,133720.0,0.0,"{'rt_cd': '7', 'msg_cd': 'APAC0289', 'msg1': '비밀번호 5회 오류[인터넷뱅킹-계좌비밀번호 오류해제(재등록) 요망]'}"
11:35:29,SKC,SELL(SL),1,130520.0,-4020.0,"{'rt_cd': '7', 'msg_cd': 'APAC0289', 'msg1': '비밀번호 5회 오류[인터넷뱅킹-계좌비밀번호 오류해제(재등록) 요망]'}"
11:35:29,LS ELECTRIC,BUY,1,484180.0,0.0,"{'rt_cd': '7', 'msg_cd': 'APAC0289', 'msg1': '비밀번호 5회 오류[인터넷뱅킹-계좌비밀번호 오류해제(재등록) 요망]'}"
11:35:32,SKC,BUY,1,133720.0,0.0,"{'rt_cd': '7', 'msg_cd': 'APAC0289', 'msg1': '비밀번호 5회 오류[인터넷뱅킹-계좌비밀번호 오류해제(재등록) 요망]'}"
11:35:34,SKC,SELL(SL),1,130520.0,-4020.0,"{'rt_cd': '7', 'msg_cd': 'APAC0289', 'msg1': '비밀번호 5회 오류[인터넷뱅킹-계좌비밀번호 오류해제(재등록) 요망]'}"
11:35:34,LS ELECTRIC,BUY,1,484180.0,0.0,"{'rt_cd': '7', 'msg_cd': 'APAC0289', 'msg1': '비밀번호 5회 오류[인터넷뱅킹-계좌비밀번호 오류해제(재등록) 요망]'}"
11:35:38,SKC,BUY,1,133720.0,0.0,"{'rt_cd': '7', 'msg_cd': 'APAC0289', 'msg1': '비밀번호 5회 오류[인터넷뱅킹-계좌비밀번호 오류해제(재등록) 요망]'}"
11:35:40,SKC,SELL(SL),1,130520.0,-4020.0,"{'rt_cd': '7', 'msg_cd': 'APAC0289', 'msg1': '비밀번호 5회 오류[인터넷뱅킹-계좌비밀번호 오류해제(재등록) 요망]'}"
11:35:40,LS ELECTRIC,BUY,1,484180.0,0.0,"{'rt_cd': '7', 'msg_cd': 'APAC0289', 'msg1': '비밀번호 5회 오류[인터넷뱅킹-계좌비밀번호 오류해제(재등록) 요망]'}"
11:35:43,SKC,BUY,1,133720.0,0.0,"{'rt_cd': '7', 'msg_cd': 'APAC0289', 'msg1': '비밀번호 5회 오류[인터넷뱅킹-계좌비밀번호 오류해제(재등록) 요망]'}"
11:35:45,SKC,SELL(SL),1,130520.0,-3920.0,"{'rt_cd': '7', 'msg_cd': 'APAC0289', 'msg1': '비밀번호 5회 오류[인터넷뱅킹-계좌비밀번호 오류해제(재등록) 요망]'}"
11:35:45,LS ELECTRIC,BUY,1,484180.0,0.0,"{'rt_cd': '7', 'msg_cd': 'APAC0289', 'msg1': '비밀번호 5회 오류[인터넷뱅킹-계좌비밀번호 오류해제(재등록) 요망]'}"
11:35:49,SKC,BUY,1,133720.0,0.0,"{'rt_cd': '7', 'msg_cd': 'APAC0289', 'msg1': '비밀번호 5회 오류[인터넷뱅킹-계좌비밀번호 오류해제(재등록) 요망]'}"
11:35:51,SKC,SELL(SL),1,130520.0,-3820.0,"{'rt_cd': '7', 'msg_cd': 'APAC0289', 'msg1': '비밀번호 5회 오류[인터넷뱅킹-계좌비밀번호 오류해제(재등록) 요망]'}"
11:35:51,LS ELECTRIC,BUY,1,484180.0,0.0,"{'rt_cd': '7', 'msg_cd': 'APAC0289', 'msg1': '비밀번호 5회 오류[인터넷뱅킹-계좌비밀번호 오류해제(재등록) 요망]'}"
11:35:54,SKC,BUY,1,133720.0,0.0,"{'rt_cd': '7', 'msg_cd': 'APAC0289', 'msg1': '비밀번호 5회 오류[인터넷뱅킹-계좌비밀번호 오류해제(재등록) 요망]'}"
11:35:56,SKC,SELL(SL),1,130520.0,-3820.0,"{'rt_cd': '7', 'msg_cd': 'APAC0289', 'msg1': '비밀번호 5회 오류[인터넷뱅킹-계좌비밀번호 오류해제(재등록) 요망]'}"
11:35:56,LS ELECTRIC,BUY,1,484180.0,0.0,"{'rt_cd': '7', 'msg_cd': 'APAC0289', 'msg1': '비밀번호 5회 오류[인터넷뱅킹-계좌비밀번호 오류해제(재등록) 요망]'}"
11:36:00,SKC,BUY,1,133720.0,0.0,"{'rt_cd': '7', 'msg_cd': 'APAC0289', 'msg1': '비밀번호 5회 오류[인터넷뱅킹-계좌비밀번호 오류해제(재등록) 요망]'}"
11:36:02,SKC,SELL(SL),1,130520.0,-3720.0,"{'rt_cd': '7', 'msg_cd': 'APAC0289', 'msg1': '비밀번호 5회 오류[인터넷뱅킹-계좌비밀번호 오류해제(재등록) 요망]'}"
11:36:02,LS ELECTRIC,BUY,1,484180.0,0.0,"{'rt_cd': '7', 'msg_cd': 'APAC0289', 'msg1': '비밀번호 5회 오류[인터넷뱅킹-계좌비밀번호 오류해제(재등록) 요망]'}"
11:36:06,SKC,BUY,1,133720.0,0.0,"{'rt_cd': '7', 'msg_cd': 'APAC0289', 'msg1': '비밀번호 5회 오류[인터넷뱅킹-계좌비밀번호 오류해제(재등록) 요망]'}"
11:36:08,SKC,SELL(SL),1,130520.0,-3520.0,"{'rt_cd': '7', 'msg_cd': 'APAC0289', 'msg1': '비밀번호 5회 오류[인터넷뱅킹-계좌비밀번호 오류해제(재등록) 요망]'}"
11:36:08,LS ELECTRIC,BUY,1,484180.0,0.0,"{'rt_cd': '7', 'msg_cd': 'APAC0289', 'msg1': '비밀번호 5회 오류[인터넷뱅킹-계좌비밀번호 오류해제(재등록) 요망]'}"
11:36:11,SKC,BUY,1,133720.0,0.0,"{'rt_cd': '7', 'msg_cd': 'APAC0289', 'msg1': '비밀번호 5회 오류[인터넷뱅킹-계좌비밀번호 오류해제(재등록) 요망]'}"
11:36:13,SKC,SELL(SL),1,130520.0,-3720.0,"{'rt_cd': '7', 'msg_cd': 'APAC0289', 'msg1': '비밀번호 5회 오류[인터넷뱅킹-계좌비밀번호 오류해제(재등록) 요망]'}"
11:36:13,LS ELECTRIC,BUY,1,484180.0,0.0,"{'rt_cd': '7', 'msg_cd': 'APAC0289', 'msg1': '비밀번호 5회 오류[인터넷뱅킹-계좌비밀번호 오류해제(재등록) 요망]'}"
11:36:17,SKC,BUY,1,133720.0,0.0,"{'rt_cd': '7', 'msg_cd': 'APAC0289', 'msg1': '비밀번호 5회 오류[인터넷뱅킹-계좌비밀번호 오류해제(재등록) 요망]'}"
11:36:19,SKC,SELL(SL),1,130520.0,-3620.0,"{'rt_cd': '7', 'msg_cd': 'APAC0289', 'msg1': '비밀번호 5회 오류[인터넷뱅킹-계좌비밀번호 오류해제(재등록) 요망]'}"
11:36:19,LS ELECTRIC,BUY,1,484180.0,0.0,"{'rt_cd': '7', 'msg_cd': 'APAC0289', 'msg1': '비밀번호 5회 오류[인터넷뱅킹-계좌비밀번호 오류해제(재등록) 요망]'}"
11:36:22,SKC,BUY,1,133720.0,0.0,"{'rt_cd': '7', 'msg_cd': 'APAC0289', 'msg1': '비밀번호 5회 오류[인터넷뱅킹-계좌비밀번호 오류해제(재등록) 요망]'}"
11:36:24,SKC,SELL(SL),1,130520.0,-3720.0,"{'rt_cd': '7', 'msg_cd': 'APAC0289', 'msg1': '비밀번호 5회 오류[인터넷뱅킹-계좌비밀번호 오류해제(재등록) 요망]'}"
11:36:25,LS ELECTRIC,BUY,1,484180.0,0.0,"{'rt_cd': '7', 'msg_cd': 'APAC0289', 'msg1': '비밀번호 5회 오류[인터넷뱅킹-계좌비밀번호 오류해제(재등록) 요망]'}"
11:36:28,SKC,BUY,1,133720.0,0.0,"{'rt_cd': '7', 'msg_cd': 'APAC0289', 'msg1': '비밀번호 5회 오류[인터넷뱅킹-계좌비밀번호 오류해제(재등록) 요망]'}"
11:36:31,SKC,SELL(SL),1,130520.0,-3620.0,"{'rt_cd': '7', 'msg_cd': 'APAC0289', 'msg1': '비밀번호 5회 오류[인터넷뱅킹-계좌비밀번호 오류해제(재등록) 요망]'}"
11:36:31,LS ELECTRIC,BUY,1,484180.0,0.0,"{'rt_cd': '7', 'msg_cd': 'APAC0289', 'msg1': '비밀번호 5회 오류[인터넷뱅킹-계좌비밀번호 오류해제(재등록) 요망]'}"
11:36:34,SKC,BUY,1,133720.0,0.0,"{'rt_cd': '7', 'msg_cd': 'APAC0289', 'msg1': '비밀번호 5회 오류[인터넷뱅킹-계좌비밀번호 오류해제(재등록) 요망]'}"
11:36:36,SKC,SELL(SL),1,130520.0,-3570.0,"{'rt_cd': '7', 'msg_cd': 'APAC0289', 'msg1': '비밀번호 5회 오류[인터넷뱅킹-계좌비밀번호 오류해제(재등록) 요망]'}"
11:36:36,LS ELECTRIC,BUY,1,484180.0,0.0,"{'rt_cd': '7', 'msg_cd': 'APAC0289', 'msg1': '비밀번호 5회 오류[인터넷뱅킹-계좌비밀번호 오류해제(재등록) 요망]'}"
11:36:40,SKC,BUY,1,133720.0,0.0,"{'rt_cd': '7', 'msg_cd': 'APAC0289', 'msg1': '비밀번호 5회 오류[인터넷뱅킹-계좌비밀번호 오류해제(재등록) 요망]'}"
11:36:42,SKC,SELL(SL),1,130520.0,-3570.0,"{'rt_cd': '7', 'msg_cd': 'APAC0289', 'msg1': '비밀번호 5회 오류[인터넷뱅킹-계좌비밀번호 오류해제(재등록) 요망]'}"
11:36:42,LS ELECTRIC,BUY,1,484180.0,0.0,"{'rt_cd': '7', 'msg_cd': 'APAC0289', 'msg1': '비밀번호 5회 오류[인터넷뱅킹-계좌비밀번호 오류해제(재등록) 요망]'}"
11:36:47,대한전선,SELL(TP),1,26660.0,1760.0,"{'rt_cd': '7', 'msg_cd': 'APAC0289', 'msg1': '비밀번호 5회 오류[인터넷뱅킹-계좌비밀번호 오류해제(재등록) 요망]'}"
11:36:47,SKC,BUY,1,133720.0,0.0,"{'rt_cd': '7', 'msg_cd': 'APAC0289', 'msg1': '비밀번호 5회 오류[인터넷뱅킹-계좌비밀번호 오류해제(재등록) 요망]'}"
11:36:49,SKC,SELL(SL),1,130520.0,-3620.0,"{'rt_cd': '7', 'msg_cd': 'APAC0289', 'msg1': '비밀번호 5회 오류[인터넷뱅킹-계좌비밀번호 오류해제(재등록) 요망]'}"
11:36:49,LS ELECTRIC,BUY,1,484180.0,0.0,"{'rt_cd': '7', 'msg_cd': 'APAC0289', 'msg1': '비밀번호 5회 오류[인터넷뱅킹-계좌비밀번호 오류해제(재등록) 요망]'}"
11:36:54,대한전선,SELL(TP),1,26660.0,1760.0,"{'rt_cd': '7', 'msg_cd': 'APAC0289', 'msg1': '비밀번호 5회 오류[인터넷뱅킹-계좌비밀번호 오류해제(재등록) 요망]'}"
11:36:54,SKC,BUY,1,133720.0,0.0,"{'rt_cd': '7', 'msg_cd': 'APAC0289', 'msg1': '비밀번호 5회 오류[인터넷뱅킹-계좌비밀번호 오류해제(재등록) 요망]'}"
11:36:56,SKC,SELL(SL),1,130520.0,-3670.0,"{'rt_cd': '7', 'msg_cd': 'APAC0289', 'msg1': '비밀번호 5회 오류[인터넷뱅킹-계좌비밀번호 오류해제(재등록) 요망]'}"
11:36:56,LS ELECTRIC,BUY,1,484180.0,0.0,"{'rt_cd': '7', 'msg_cd': 'APAC0289', 'msg1': '비밀번호 5회 오류[인터넷뱅킹-계좌비밀번호 오류해제(재등록) 요망]'}"
11:37:01,대한전선,SELL(TP),1,26660.0,1810.0,"{'rt_cd': '7', 'msg_cd': 'APAC0289', 'msg1': '비밀번호 5회 오류[인터넷뱅킹-계좌비밀번호 오류해제(재등록) 요망]'}"
11:37:01,SKC,BUY,1,133720.0,0.0,"{'rt_cd': '7', 'msg_cd': 'APAC0289', 'msg1': '비밀번호 5회 오류[인터넷뱅킹-계좌비밀번호 오류해제(재등록) 요망]'}"
11:37:03,SKC,SELL(SL),1,130520.0,-3620.0,"{'rt_cd': '7', 'msg_cd': 'APAC0289', 'msg1': '비밀번호 5회 오류[인터넷뱅킹-계좌비밀번호 오류해제(재등록) 요망]'}"
11:37:03,LS ELECTRIC,BUY,1,484180.0,0.0,"{'rt_cd': '7', 'msg_cd': 'APAC0289', 'msg1': '비밀번호 5회 오류[인터넷뱅킹-계좌비밀번호 오류해제(재등록) 요망]'}"
11:37:09,대한전선,SELL(TP),1,26660.0,1810.0,"{'rt_cd': '7', 'msg_cd': 'APAC0289', 'msg1': '비밀번호 5회 오류[인터넷뱅킹-계좌비밀번호 오류해제(재등록) 요망]'}"
11:37:09,SKC,BUY,1,133720.0,0.0,"{'rt_cd': '7', 'msg_cd': 'APAC0289', 'msg1': '비밀번호 5회 오류[인터넷뱅킹-계좌비밀번호 오류해제(재등록) 요망]'}"
11:37:11,SKC,SELL(SL),1,130520.0,-3620.0,"{'rt_cd': '7', 'msg_cd': 'APAC0289', 'msg1': '비밀번호 5회 오류[인터넷뱅킹-계좌비밀번호 오류해제(재등록) 요망]'}"
11:37:11,LS ELECTRIC,BUY,1,484180.0,0.0,"{'rt_cd': '7', 'msg_cd': 'APAC0289', 'msg1': '비밀번호 5회 오류[인터넷뱅킹-계좌비밀번호 오류해제(재등록) 요망]'}"
11:37:16,대한전선,SELL(TP),1,26660.0,1760.0,"{'rt_cd': '7', 'msg_cd': 'APAC0289', 'msg1': '비밀번호 5회 오류[인터넷뱅킹-계좌비밀번호 오류해제(재등록) 요망]'}"
11:37:17,SKC,BUY,1,133720.0,0.0,"{'rt_cd': '7', 'msg_cd': 'APAC0289', 'msg1': '비밀번호 5회 오류[인터넷뱅킹-계좌비밀번호 오류해제(재등록) 요망]'}"
11:37:19,SKC,SELL(SL),1,130520.0,-3520.0,"{'rt_cd': '7', 'msg_cd': 'APAC0289', 'msg1': '비밀번호 5회 오류[인터넷뱅킹-계좌비밀번호 오류해제(재등록) 요망]'}"
11:37:19,LS ELECTRIC,BUY,1,484180.0,0.0,"{'rt_cd': '7', 'msg_cd': 'APAC0289', 'msg1': '비밀번호 5회 오류[인터넷뱅킹-계좌비밀번호 오류해제(재등록) 요망]'}"
11:37:24,대한전선,SELL(TP),1,26660.0,1760.0,"{'rt_cd': '7', 'msg_cd': 'APAC0289', 'msg1': '비밀번호 5회 오류[인터넷뱅킹-계좌비밀번호 오류해제(재등록) 요망]'}"
11:37:24,SKC,BUY,1,133720.0,0.0,"{'rt_cd': '7', 'msg_cd': 'APAC0289', 'msg1': '비밀번호 5회 오류[인터넷뱅킹-계좌비밀번호 오류해제(재등록) 요망]'}"
11:37:26,SKC,SELL(SL),1,130520.0,-3520.0,"{'rt_cd': '7', 'msg_cd': 'APAC0289', 'msg1': '비밀번호 5회 오류[인터넷뱅킹-계좌비밀번호 오류해제(재등록) 요망]'}"
11:37:26,LS ELECTRIC,BUY,1,484180.0,0.0,"{'rt_cd': '7', 'msg_cd': 'APAC0289', 'msg1': '비밀번호 5회 오류[인터넷뱅킹-계좌비밀번호 오류해제(재등록) 요망]'}"
11:37:31,대한전선,SELL(TP),1,26660.0,1760.0,"{'rt_cd': '7', 'msg_cd': 'APAC0289', 'msg1': '비밀번호 5회 오류[인터넷뱅킹-계좌비밀번호 오류해제(재등록) 요망]'}"
11:37:31,SKC,BUY,1,133720.0,0.0,"{'rt_cd': '7', 'msg_cd': 'APAC0289', 'msg1': '비밀번호 5회 오류[인터넷뱅킹-계좌비밀번호 오류해제(재등록) 요망]'}"
11:37:33,SKC,SELL(SL),1,130520.0,-3520.0,"{'rt_cd': '7', 'msg_cd': 'APAC0289', 'msg1': '비밀번호 5회 오류[인터넷뱅킹-계좌비밀번호 오류해제(재등록) 요망]'}"
11:37:33,LS ELECTRIC,BUY,1,484180.0,0.0,"{'rt_cd': '7', 'msg_cd': 'APAC0289', 'msg1': '비밀번호 5회 오류[인터넷뱅킹-계좌비밀번호 오류해제(재등록) 요망]'}"
11:37:39,대한전선,SELL(TP),1,26660.0,1810.0,"{'rt_cd': '7', 'msg_cd': 'APAC0289', 'msg1': '비밀번호 5회 오류[인터넷뱅킹-계좌비밀번호 오류해제(재등록) 요망]'}"
11:37:39,SKC,BUY,1,133720.0,0.0,"{'rt_cd': '7', 'msg_cd': 'APAC0289', 'msg1': '비밀번호 5회 오류[인터넷뱅킹-계좌비밀번호 오류해제(재등록) 요망]'}"
11:37:41,SKC,SELL(SL),1,130520.0,-3420.0,"{'rt_cd': '7', 'msg_cd': 'APAC0289', 'msg1': '비밀번호 5회 오류[인터넷뱅킹-계좌비밀번호 오류해제(재등록) 요망]'}"
11:37:42,LS ELECTRIC,BUY,1,484180.0,0.0,"{'rt_cd': '7', 'msg_cd': 'APAC0289', 'msg1': '비밀번호 5회 오류[인터넷뱅킹-계좌비밀번호 오류해제(재등록) 요망]'}"
11:37:47,대한전선,SELL(TP),1,26660.0,1760.0,"{'rt_cd': '7', 'msg_cd': 'APAC0289', 'msg1': '비밀번호 5회 오류[인터넷뱅킹-계좌비밀번호 오류해제(재등록) 요망]'}"
11:37:47,SKC,BUY,1,133720.0,0.0,"{'rt_cd': '7', 'msg_cd': 'APAC0289', 'msg1': '비밀번호 5회 오류[인터넷뱅킹-계좌비밀번호 오류해제(재등록) 요망]'}"
11:37:49,SKC,SELL(SL),1,130520.0,-3420.0,"{'rt_cd': '7', 'msg_cd': 'APAC0289', 'msg1': '비밀번호 5회 오류[인터넷뱅킹-계좌비밀번호 오류해제(재등록) 요망]'}"
11:37:49,LS ELECTRIC,BUY,1,484180.0,0.0,"{'rt_cd': '7', 'msg_cd': 'APAC0289', 'msg1': '비밀번호 5회 오류[인터넷뱅킹-계좌비밀번호 오류해제(재등록) 요망]'}"
11:37:53,SKC,BUY,1,133720.0,0.0,"{'rt_cd': '7', 'msg_cd': 'APAC0289', 'msg1': '비밀번호 5회 오류[인터넷뱅킹-계좌비밀번호 오류해제(재등록) 요망]'}"
11:37:55,SKC,SELL(SL),1,130520.0,-3520.0,"{'rt_cd': '7', 'msg_cd': 'APAC0289', 'msg1': '비밀번호 5회 오류[인터넷뱅킹-계좌비밀번호 오류해제(재등록) 요망]'}"
11:37:55,LS ELECTRIC,BUY,1,484180.0,0.0,"{'rt_cd': '7', 'msg_cd': 'APAC0289', 'msg1': '비밀번호 5회 오류[인터넷뱅킹-계좌비밀번호 오류해제(재등록) 요망]'}"
11:38:00,대한전선,SELL(TP),1,26660.0,1760.0,"{'rt_cd': '7', 'msg_cd': 'APAC0289', 'msg1': '비밀번호 5회 오류[인터넷뱅킹-계좌비밀번호 오류해제(재등록) 요망]'}"
11:38:00,SKC,BUY,1,133720.0,0.0,"{'rt_cd': '7', 'msg_cd': 'APAC0289', 'msg1': '비밀번호 5회 오류[인터넷뱅킹-계좌비밀번호 오류해제(재등록) 요망]'}"
11:38:02,SKC,SELL(SL),1,130520.0,-3420.0,"{'rt_cd': '7', 'msg_cd': 'APAC0289', 'msg1': '비밀번호 5회 오류[인터넷뱅킹-계좌비밀번호 오류해제(재등록) 요망]'}"
11:38:02,LS ELECTRIC,BUY,1,484180.0,0.0,"{'rt_cd': '7', 'msg_cd': 'APAC0289', 'msg1': '비밀번호 5회 오류[인터넷뱅킹-계좌비밀번호 오류해제(재등록) 요망]'}"
11:38:10,대한전선,SELL(TP),1,26660.0,1760.0,"{'rt_cd': '7', 'msg_cd': 'APAC0289', 'msg1': '비밀번호 5회 오류[인터넷뱅킹-계좌비밀번호 오류해제(재등록) 요망]'}"
11:38:10,SKC,BUY,1,133720.0,0.0,"{'rt_cd': '7', 'msg_cd': 'APAC0289', 'msg1': '비밀번호 5회 오류[인터넷뱅킹-계좌비밀번호 오류해제(재등록) 요망]'}"
11:38:12,SKC,SELL(SL),1,130520.0,-3420.0,"{'rt_cd': '7', 'msg_cd': 'APAC0289', 'msg1': '비밀번호 5회 오류[인터넷뱅킹-계좌비밀번호 오류해제(재등록) 요망]'}"
11:38:12,LS ELECTRIC,BUY,1,484180.0,0.0,"{'rt_cd': '7', 'msg_cd': 'APAC0289', 'msg1': '비밀번호 5회 오류[인터넷뱅킹-계좌비밀번호 오류해제(재등록) 요망]'}"
11:38:17,대한전선,SELL(TP),1,26660.0,1810.0,"{'rt_cd': '7', 'msg_cd': 'APAC0289', 'msg1': '비밀번호 5회 오류[인터넷뱅킹-계좌비밀번호 오류해제(재등록) 요망]'}"
11:38:17,SKC,BUY,1,133720.0,0.0,"{'rt_cd': '7', 'msg_cd': 'APAC0289', 'msg1': '비밀번호 5회 오류[인터넷뱅킹-계좌비밀번호 오류해제(재등록) 요망]'}"
11:38:19,SKC,SELL(SL),1,130520.0,-3420.0,"{'rt_cd': '7', 'msg_cd': 'APAC0289', 'msg1': '비밀번호 5회 오류[인터넷뱅킹-계좌비밀번호 오류해제(재등록) 요망]'}"
11:38:19,LS ELECTRIC,BUY,1,484180.0,0.0,"{'rt_cd': '7', 'msg_cd': 'APAC0289', 'msg1': '비밀번호 5회 오류[인터넷뱅킹-계좌비밀번호 오류해제(재등록) 요망]'}"
11:38:25,대한전선,SELL(TP),1,26660.0,1760.0,"{'rt_cd': '7', 'msg_cd': 'APAC0289', 'msg1': '비밀번호 5회 오류[인터넷뱅킹-계좌비밀번호 오류해제(재등록) 요망]'}"
11:38:25,SKC,BUY,1,133720.0,0.0,"{'rt_cd': '7', 'msg_cd': 'APAC0289', 'msg1': '비밀번호 5회 오류[인터넷뱅킹-계좌비밀번호 오류해제(재등록) 요망]'}"
11:38:27,SKC,SELL(SL),1,130520.0,-3420.0,"{'rt_cd': '7', 'msg_cd': 'APAC0289', 'msg1': '비밀번호 5회 오류[인터넷뱅킹-계좌비밀번호 오류해제(재등록) 요망]'}"
11:38:27,LS ELECTRIC,BUY,1,484180.0,0.0,"{'rt_cd': '7', 'msg_cd': 'APAC0289', 'msg1': '비밀번호 5회 오류[인터넷뱅킹-계좌비밀번호 오류해제(재등록) 요망]'}"
11:38:32,대한전선,SELL(TP),1,26660.0,1735.0,"{'rt_cd': '7', 'msg_cd': 'APAC0289', 'msg1': '비밀번호 5회 오류[인터넷뱅킹-계좌비밀번호 오류해제(재등록) 요망]'}"
11:38:32,SKC,BUY,1,133720.0,0.0,"{'rt_cd': '7', 'msg_cd': 'APAC0289', 'msg1': '비밀번호 5회 오류[인터넷뱅킹-계좌비밀번호 오류해제(재등록) 요망]'}"
11:38:34,SKC,SELL(SL),1,130520.0,-3420.0,"{'rt_cd': '7', 'msg_cd': 'APAC0289', 'msg1': '비밀번호 5회 오류[인터넷뱅킹-계좌비밀번호 오류해제(재등록) 요망]'}"
11:38:34,LS ELECTRIC,BUY,1,484180.0,0.0,"{'rt_cd': '7', 'msg_cd': 'APAC0289', 'msg1': '비밀번호 5회 오류[인터넷뱅킹-계좌비밀번호 오류해제(재등록) 요망]'}"
11:38:39,대한전선,SELL(TP),1,26660.0,1760.0,"{'rt_cd': '7', 'msg_cd': 'APAC0289', 'msg1': '비밀번호 5회 오류[인터넷뱅킹-계좌비밀번호 오류해제(재등록) 요망]'}"
11:38:39,SKC,BUY,1,133720.0,0.0,"{'rt_cd': '7', 'msg_cd': 'APAC0289', 'msg1': '비밀번호 5회 오류[인터넷뱅킹-계좌비밀번호 오류해제(재등록) 요망]'}"
11:38:42,SKC,SELL(SL),1,130520.0,-3320.0,"{'rt_cd': '7', 'msg_cd': 'APAC0289', 'msg1': '비밀번호 5회 오류[인터넷뱅킹-계좌비밀번호 오류해제(재등록) 요망]'}"
11:38:42,LS ELECTRIC,BUY,1,484180.0,0.0,"{'rt_cd': '7', 'msg_cd': 'APAC0289', 'msg1': '비밀번호 5회 오류[인터넷뱅킹-계좌비밀번호 오류해제(재등록) 요망]'}"
11:38:47,대한전선,SELL(TP),1,26660.0,1760.0,"{'rt_cd': '7', 'msg_cd': 'APAC0289', 'msg1': '비밀번호 5회 오류[인터넷뱅킹-계좌비밀번호 오류해제(재등록) 요망]'}"
11:38:47,SKC,BUY,1,133720.0,0.0,"{'rt_cd': '7', 'msg_cd': 'APAC0289', 'msg1': '비밀번호 5회 오류[인터넷뱅킹-계좌비밀번호 오류해제(재등록) 요망]'}"
11:38:50,SKC,SELL(SL),1,130520.0,-3520.0,"{'rt_cd': '7', 'msg_cd': 'APAC0289', 'msg1': '비밀번호 5회 오류[인터넷뱅킹-계좌비밀번호 오류해제(재등록) 요망]'}"
11:38:50,LS ELECTRIC,BUY,1,484180.0,0.0,"{'rt_cd': '7', 'msg_cd': 'APAC0289', 'msg1': '비밀번호 5회 오류[인터넷뱅킹-계좌비밀번호 오류해제(재등록) 요망]'}"
11:38:55,대한전선,SELL(TP),1,26660.0,1760.0,"{'rt_cd': '7', 'msg_cd': 'APAC0289', 'msg1': '비밀번호 5회 오류[인터넷뱅킹-계좌비밀번호 오류해제(재등록) 요망]'}"
11:38:55,SKC,BUY,1,133720.0,0.0,"{'rt_cd': '7', 'msg_cd': 'APAC0289', 'msg1': '비밀번호 5회 오류[인터넷뱅킹-계좌비밀번호 오류해제(재등록) 요망]'}"
11:38:57,SKC,SELL(SL),1,130520.0,-3420.0,"{'rt_cd': '7', 'msg_cd': 'APAC0289', 'msg1': '비밀번호 5회 오류[인터넷뱅킹-계좌비밀번호 오류해제(재등록) 요망]'}"
11:38:57,LS ELECTRIC,BUY,1,484180.0,0.0,"{'rt_cd': '7', 'msg_cd': 'APAC0289', 'msg1': '비밀번호 5회 오류[인터넷뱅킹-계좌비밀번호 오류해제(재등록) 요망]'}"
11:39:03,대한전선,SELL(TP),1,26660.0,1810.0,"{'rt_cd': '7', 'msg_cd': 'APAC0289', 'msg1': '비밀번호 5회 오류[인터넷뱅킹-계좌비밀번호 오류해제(재등록) 요망]'}"
11:39:03,SKC,BUY,1,133720.0,0.0,"{'rt_cd': '7', 'msg_cd': 'APAC0289', 'msg1': '비밀번호 5회 오류[인터넷뱅킹-계좌비밀번호 오류해제(재등록) 요망]'}"
11:39:05,SKC,SELL(SL),1,130520.0,-3420.0,"{'rt_cd': '7', 'msg_cd': 'APAC0289', 'msg1': '비밀번호 5회 오류[인터넷뱅킹-계좌비밀번호 오류해제(재등록) 요망]'}"
11:39:05,LS ELECTRIC,BUY,1,484180.0,0.0,"{'rt_cd': '7', 'msg_cd': 'APAC0289', 'msg1': '비밀번호 5회 오류[인터넷뱅킹-계좌비밀번호 오류해제(재등록) 요망]'}"
11:39:10,대한전선,SELL(TP),1,26660.0,1810.0,"{'rt_cd': '7', 'msg_cd': 'APAC0289', 'msg1': '비밀번호 5회 오류[인터넷뱅킹-계좌비밀번호 오류해제(재등록) 요망]'}"
11:39:10,SKC,BUY,1,133720.0,0.0,"{'rt_cd': '7', 'msg_cd': 'APAC0289', 'msg1': '비밀번호 5회 오류[인터넷뱅킹-계좌비밀번호 오류해제(재등록) 요망]'}"
11:39:11,SKC,SELL(SL),1,130520.0,-3420.0,"{'rt_cd': '7', 'msg_cd': 'APAC0289', 'msg1': '비밀번호 5회 오류[인터넷뱅킹-계좌비밀번호 오류해제(재등록) 요망]'}"
11:39:11,LS ELECTRIC,BUY,1,484180.0,0.0,"{'rt_cd': '7', 'msg_cd': 'APAC0289', 'msg1': '비밀번호 5회 오류[인터넷뱅킹-계좌비밀번호 오류해제(재등록) 요망]'}"
11:39:15,대한전선,SELL(TP),1,26660.0,1810.0,"{'rt_cd': '7', 'msg_cd': 'APAC0289', 'msg1': '비밀번호 5회 오류[인터넷뱅킹-계좌비밀번호 오류해제(재등록) 요망]'}"
11:39:15,SKC,BUY,1,133720.0,0.0,"{'rt_cd': '7', 'msg_cd': 'APAC0289', 'msg1': '비밀번호 5회 오류[인터넷뱅킹-계좌비밀번호 오류해제(재등록) 요망]'}"
11:39:17,SKC,SELL(SL),1,130520.0,-3420.0,"{'rt_cd': '7', 'msg_cd': 'APAC0289', 'msg1': '비밀번호 5회 오류[인터넷뱅킹-계좌비밀번호 오류해제(재등록) 요망]'}"
11:39:17,LS ELECTRIC,BUY,1,484180.0,0.0,"{'rt_cd': '7', 'msg_cd': 'APAC0289', 'msg1': '비밀번호 5회 오류[인터넷뱅킹-계좌비밀번호 오류해제(재등록) 요망]'}"
11:39:21,대한전선,SELL(TP),1,26660.0,1810.0,"{'rt_cd': '7', 'msg_cd': 'APAC0289', 'msg1': '비밀번호 5회 오류[인터넷뱅킹-계좌비밀번호 오류해제(재등록) 요망]'}"
11:39:21,SKC,BUY,1,133720.0,0.0,"{'rt_cd': '7', 'msg_cd': 'APAC0289', 'msg1': '비밀번호 5회 오류[인터넷뱅킹-계좌비밀번호 오류해제(재등록) 요망]'}"
11:39:22,SKC,SELL(SL),1,130520.0,-3520.0,"{'rt_cd': '7', 'msg_cd': 'APAC0289', 'msg1': '비밀번호 5회 오류[인터넷뱅킹-계좌비밀번호 오류해제(재등록) 요망]'}"
11:39:22,LS ELECTRIC,BUY,1,484180.0,0.0,"{'rt_cd': '7', 'msg_cd': 'APAC0289', 'msg1': '비밀번호 5회 오류[인터넷뱅킹-계좌비밀번호 오류해제(재등록) 요망]'}"
11:39:26,대한전선,SELL(TP),1,26660.0,1760.0,"{'rt_cd': '7', 'msg_cd': 'APAC0289', 'msg1': '비밀번호 5회 오류[인터넷뱅킹-계좌비밀번호 오류해제(재등록) 요망]'}"
11:39:26,SKC,BUY,1,133720.0,0.0,"{'rt_cd': '7', 'msg_cd': 'APAC0289', 'msg1': '비밀번호 5회 오류[인터넷뱅킹-계좌비밀번호 오류해제(재등록) 요망]'}"
11:39:28,SKC,SELL(SL),1,130520.0,-3420.0,"{'rt_cd': '7', 'msg_cd': 'APAC0289', 'msg1': '비밀번호 5회 오류[인터넷뱅킹-계좌비밀번호 오류해제(재등록) 요망]'}"
11:39:28,LS ELECTRIC,BUY,1,484180.0,0.0,"{'rt_cd': '7', 'msg_cd': 'APAC0289', 'msg1': '비밀번호 5회 오류[인터넷뱅킹-계좌비밀번호 오류해제(재등록) 요망]'}"
11:39:32,대한전선,SELL(TP),1,26660.0,1760.0,"{'rt_cd': '7', 'msg_cd': 'APAC0289', 'msg1': '비밀번호 5회 오류[인터넷뱅킹-계좌비밀번호 오류해제(재등록) 요망]'}"
11:39:32,SKC,BUY,1,133720.0,0.0,"{'rt_cd': '7', 'msg_cd': 'APAC0289', 'msg1': '비밀번호 5회 오류[인터넷뱅킹-계좌비밀번호 오류해제(재등록) 요망]'}"
11:39:34,SKC,SELL(SL),1,130520.0,-3420.0,"{'rt_cd': '7', 'msg_cd': 'APAC0289', 'msg1': '비밀번호 5회 오류[인터넷뱅킹-계좌비밀번호 오류해제(재등록) 요망]'}"
11:39:34,LS ELECTRIC,BUY,1,484180.0,0.0,"{'rt_cd': '7', 'msg_cd': 'APAC0289', 'msg1': '비밀번호 5회 오류[인터넷뱅킹-계좌비밀번호 오류해제(재등록) 요망]'}"
11:39:38,대한전선,SELL(TP),1,26660.0,1810.0,"{'rt_cd': '7', 'msg_cd': 'APAC0289', 'msg1': '비밀번호 5회 오류[인터넷뱅킹-계좌비밀번호 오류해제(재등록) 요망]'}"
11:39:38,SKC,BUY,1,133720.0,0.0,"{'rt_cd': '7', 'msg_cd': 'APAC0289', 'msg1': '비밀번호 5회 오류[인터넷뱅킹-계좌비밀번호 오류해제(재등록) 요망]'}"
11:39:39,SKC,SELL(SL),1,130520.0,-3520.0,"{'rt_cd': '7', 'msg_cd': 'APAC0289', 'msg1': '비밀번호 5회 오류[인터넷뱅킹-계좌비밀번호 오류해제(재등록) 요망]'}"
11:39:39,LS ELECTRIC,BUY,1,484180.0,0.0,"{'rt_cd': '7', 'msg_cd': 'APAC0289', 'msg1': '비밀번호 5회 오류[인터넷뱅킹-계좌비밀번호 오류해제(재등록) 요망]'}"
11:39:43,대한전선,SELL(TP),1,26660.0,1760.0,"{'rt_cd': '7', 'msg_cd': 'APAC0289', 'msg1': '비밀번호 5회 오류[인터넷뱅킹-계좌비밀번호 오류해제(재등록) 요망]'}"
11:39:43,SKC,BUY,1,133720.0,0.0,"{'rt_cd': '7', 'msg_cd': 'APAC0289', 'msg1': '비밀번호 5회 오류[인터넷뱅킹-계좌비밀번호 오류해제(재등록) 요망]'}"
11:39:45,SKC,SELL(SL),1,130520.0,-3420.0,"{'rt_cd': '7', 'msg_cd': 'APAC0289', 'msg1': '비밀번호 5회 오류[인터넷뱅킹-계좌비밀번호 오류해제(재등록) 요망]'}"
11:39:45,LS ELECTRIC,BUY,1,484180.0,0.0,"{'rt_cd': '7', 'msg_cd': 'APAC0289', 'msg1': '비밀번호 5회 오류[인터넷뱅킹-계좌비밀번호 오류해제(재등록) 요망]'}"
11:39:49,대한전선,SELL(TP),1,26660.0,1810.0,"{'rt_cd': '7', 'msg_cd': 'APAC0289', 'msg1': '비밀번호 5회 오류[인터넷뱅킹-계좌비밀번호 오류해제(재등록) 요망]'}"
11:39:49,SKC,BUY,1,133720.0,0.0,"{'rt_cd': '7', 'msg_cd': 'APAC0289', 'msg1': '비밀번호 5회 오류[인터넷뱅킹-계좌비밀번호 오류해제(재등록) 요망]'}"
11:39:50,SKC,SELL(SL),1,130520.0,-3420.0,"{'rt_cd': '7', 'msg_cd': 'APAC0289', 'msg1': '비밀번호 5회 오류[인터넷뱅킹-계좌비밀번호 오류해제(재등록) 요망]'}"
11:39:50,LS ELECTRIC,BUY,1,484180.0,0.0,"{'rt_cd': '7', 'msg_cd': 'APAC0289', 'msg1': '비밀번호 5회 오류[인터넷뱅킹-계좌비밀번호 오류해제(재등록) 요망]'}"
11:39:55,대한전선,SELL(TP),1,26660.0,1810.0,"{'rt_cd': '7', 'msg_cd': 'APAC0289', 'msg1': '비밀번호 5회 오류[인터넷뱅킹-계좌비밀번호 오류해제(재등록) 요망]'}"
11:39:55,SKC,BUY,1,133720.0,0.0,"{'rt_cd': '7', 'msg_cd': 'APAC0289', 'msg1': '비밀번호 5회 오류[인터넷뱅킹-계좌비밀번호 오류해제(재등록) 요망]'}"
11:39:56,SKC,SELL(SL),1,130520.0,-3520.0,"{'rt_cd': '7', 'msg_cd': 'APAC0289', 'msg1': '비밀번호 5회 오류[인터넷뱅킹-계좌비밀번호 오류해제(재등록) 요망]'}"
11:39:56,LS ELECTRIC,BUY,1,484180.0,0.0,"{'rt_cd': '7', 'msg_cd': 'APAC0289', 'msg1': '비밀번호 5회 오류[인터넷뱅킹-계좌비밀번호 오류해제(재등록) 요망]'}"
11:40:01,대한전선,SELL(TP),1,26660.0,1860.0,"{'rt_cd': '7', 'msg_cd': 'APAC0289', 'msg1': '비밀번호 5회 오류[인터넷뱅킹-계좌비밀번호 오류해제(재등록) 요망]'}"
11:40:02,SKC,BUY,1,133720.0,0.0,"{'rt_cd': '7', 'msg_cd': 'APAC0289', 'msg1': '비밀번호 5회 오류[인터넷뱅킹-계좌비밀번호 오류해제(재등록) 요망]'}"
11:40:04,SKC,SELL(SL),1,130520.0,-3520.0,"{'rt_cd': '7', 'msg_cd': 'APAC0289', 'msg1': '비밀번호 5회 오류[인터넷뱅킹-계좌비밀번호 오류해제(재등록) 요망]'}"
11:40:04,LS ELECTRIC,BUY,1,484180.0,0.0,"{'rt_cd': '7', 'msg_cd': 'APAC0289', 'msg1': '비밀번호 5회 오류[인터넷뱅킹-계좌비밀번호 오류해제(재등록) 요망]'}"
11:40:09,대한전선,SELL(TP),1,26660.0,1810.0,"{'rt_cd': '7', 'msg_cd': 'APAC0289', 'msg1': '비밀번호 5회 오류[인터넷뱅킹-계좌비밀번호 오류해제(재등록) 요망]'}"
11:40:09,SKC,BUY,1,133720.0,0.0,"{'rt_cd': '7', 'msg_cd': 'APAC0289', 'msg1': '비밀번호 5회 오류[인터넷뱅킹-계좌비밀번호 오류해제(재등록) 요망]'}"
11:40:11,SKC,SELL(SL),1,130520.0,-3520.0,"{'rt_cd': '7', 'msg_cd': 'APAC0289', 'msg1': '비밀번호 5회 오류[인터넷뱅킹-계좌비밀번호 오류해제(재등록) 요망]'}"
11:40:12,LS ELECTRIC,BUY,1,484180.0,0.0,"{'rt_cd': '7', 'msg_cd': 'APAC0289', 'msg1': '비밀번호 5회 오류[인터넷뱅킹-계좌비밀번호 오류해제(재등록) 요망]'}"
11:40:18,대한전선,SELL(TP),1,26660.0,1860.0,"{'rt_cd': '7', 'msg_cd': 'APAC0289', 'msg1': '비밀번호 5회 오류[인터넷뱅킹-계좌비밀번호 오류해제(재등록) 요망]'}"
11:40:18,SKC,BUY,1,133720.0,0.0,"{'rt_cd': '7', 'msg_cd': 'APAC0289', 'msg1': '비밀번호 5회 오류[인터넷뱅킹-계좌비밀번호 오류해제(재등록) 요망]'}"
11:40:20,SKC,SELL(SL),1,130520.0,-3520.0,"{'rt_cd': '7', 'msg_cd': 'APAC0289', 'msg1': '비밀번호 5회 오류[인터넷뱅킹-계좌비밀번호 오류해제(재등록) 요망]'}"
11:40:20,LS ELECTRIC,BUY,1,484180.0,0.0,"{'rt_cd': '7', 'msg_cd': 'APAC0289', 'msg1': '비밀번호 5회 오류[인터넷뱅킹-계좌비밀번호 오류해제(재등록) 요망]'}"
11:40:25,대한전선,SELL(TP),1,26660.0,1860.0,"{'rt_cd': '7', 'msg_cd': 'APAC0289', 'msg1': '비밀번호 5회 오류[인터넷뱅킹-계좌비밀번호 오류해제(재등록) 요망]'}"
11:40:25,SKC,BUY,1,133720.0,0.0,"{'rt_cd': '7', 'msg_cd': 'APAC0289', 'msg1': '비밀번호 5회 오류[인터넷뱅킹-계좌비밀번호 오류해제(재등록) 요망]'}"
11:40:27,SKC,SELL(SL),1,130520.0,-3520.0,"{'rt_cd': '7', 'msg_cd': 'APAC0289', 'msg1': '비밀번호 5회 오류[인터넷뱅킹-계좌비밀번호 오류해제(재등록) 요망]'}"
11:40:27,LS ELECTRIC,BUY,1,484180.0,0.0,"{'rt_cd': '7', 'msg_cd': 'APAC0289', 'msg1': '비밀번호 5회 오류[인터넷뱅킹-계좌비밀번호 오류해제(재등록) 요망]'}"
11:40:32,대한전선,SELL(TP),1,26660.0,1860.0,"{'rt_cd': '7', 'msg_cd': 'APAC0289', 'msg1': '비밀번호 5회 오류[인터넷뱅킹-계좌비밀번호 오류해제(재등록) 요망]'}"
11:40:32,SKC,BUY,1,133720.0,0.0,"{'rt_cd': '7', 'msg_cd': 'APAC0289', 'msg1': '비밀번호 5회 오류[인터넷뱅킹-계좌비밀번호 오류해제(재등록) 요망]'}"
11:40:35,SKC,SELL(SL),1,130520.0,-3420.0,"{'rt_cd': '7', 'msg_cd': 'APAC0289', 'msg1': '비밀번호 5회 오류[인터넷뱅킹-계좌비밀번호 오류해제(재등록) 요망]'}"
11:40:35,LS ELECTRIC,BUY,1,484180.0,0.0,"{'rt_cd': '7', 'msg_cd': 'APAC0289', 'msg1': '비밀번호 5회 오류[인터넷뱅킹-계좌비밀번호 오류해제(재등록) 요망]'}"
11:40:40,대한전선,SELL(TP),1,26660.0,1860.0,"{'rt_cd': '7', 'msg_cd': 'APAC0289', 'msg1': '비밀번호 5회 오류[인터넷뱅킹-계좌비밀번호 오류해제(재등록) 요망]'}"
11:40:41,SKC,BUY,1,133720.0,0.0,"{'rt_cd': '7', 'msg_cd': 'APAC0289', 'msg1': '비밀번호 5회 오류[인터넷뱅킹-계좌비밀번호 오류해제(재등록) 요망]'}"
11:40:45,SKC,SELL(SL),1,130520.0,-3520.0,"{'rt_cd': '7', 'msg_cd': 'APAC0289', 'msg1': '비밀번호 5회 오류[인터넷뱅킹-계좌비밀번호 오류해제(재등록) 요망]'}"
11:40:45,LS ELECTRIC,BUY,1,484180.0,0.0,"{'rt_cd': '7', 'msg_cd': 'APAC0289', 'msg1': '비밀번호 5회 오류[인터넷뱅킹-계좌비밀번호 오류해제(재등록) 요망]'}"
11:40:50,대한전선,SELL(TP),1,26660.0,1860.0,"{'rt_cd': '7', 'msg_cd': 'APAC0289', 'msg1': '비밀번호 5회 오류[인터넷뱅킹-계좌비밀번호 오류해제(재등록) 요망]'}"
11:40:50,SKC,BUY,1,133720.0,0.0,"{'rt_cd': '7', 'msg_cd': 'APAC0289', 'msg1': '비밀번호 5회 오류[인터넷뱅킹-계좌비밀번호 오류해제(재등록) 요망]'}"
11:40:52,SKC,SELL(SL),1,130520.0,-3420.0,"{'rt_cd': '7', 'msg_cd': 'APAC0289', 'msg1': '비밀번호 5회 오류[인터넷뱅킹-계좌비밀번호 오류해제(재등록) 요망]'}"
11:40:52,LS ELECTRIC,BUY,1,484180.0,0.0,"{'rt_cd': '7', 'msg_cd': 'APAC0289', 'msg1': '비밀번호 5회 오류[인터넷뱅킹-계좌비밀번호 오류해제(재등록) 요망]'}"
11:40:57,대한전선,SELL(TP),1,26660.0,1860.0,"{'rt_cd': '7', 'msg_cd': 'APAC0289', 'msg1': '비밀번호 5회 오류[인터넷뱅킹-계좌비밀번호 오류해제(재등록) 요망]'}"
11:40:57,SKC,BUY,1,133720.0,0.0,"{'rt_cd': '7', 'msg_cd': 'APAC0289', 'msg1': '비밀번호 5회 오류[인터넷뱅킹-계좌비밀번호 오류해제(재등록) 요망]'}"
11:40:59,SKC,SELL(SL),1,130520.0,-3420.0,"{'rt_cd': '7', 'msg_cd': 'APAC0289', 'msg1': '비밀번호 5회 오류[인터넷뱅킹-계좌비밀번호 오류해제(재등록) 요망]'}"
11:40:59,LS ELECTRIC,BUY,1,484180.0,0.0,"{'rt_cd': '7', 'msg_cd': 'APAC0289', 'msg1': '비밀번호 5회 오류[인터넷뱅킹-계좌비밀번호 오류해제(재등록) 요망]'}"
11:41:04,대한전선,SELL(TP),1,26660.0,1860.0,"{'rt_cd': '7', 'msg_cd': 'APAC0289', 'msg1': '비밀번호 5회 오류[인터넷뱅킹-계좌비밀번호 오류해제(재등록) 요망]'}"
11:41:04,SKC,BUY,1,133720.0,0.0,"{'rt_cd': '7', 'msg_cd': 'APAC0289', 'msg1': '비밀번호 5회 오류[인터넷뱅킹-계좌비밀번호 오류해제(재등록) 요망]'}"
11:41:07,SKC,SELL(SL),1,130520.0,-3320.0,"{'rt_cd': '7', 'msg_cd': 'APAC0289', 'msg1': '비밀번호 5회 오류[인터넷뱅킹-계좌비밀번호 오류해제(재등록) 요망]'}"
11:41:07,LS ELECTRIC,BUY,1,484180.0,0.0,"{'rt_cd': '7', 'msg_cd': 'APAC0289', 'msg1': '비밀번호 5회 오류[인터넷뱅킹-계좌비밀번호 오류해제(재등록) 요망]'}"
11:41:12,대한전선,SELL(TP),1,26660.0,1860.0,"{'rt_cd': '7', 'msg_cd': 'APAC0289', 'msg1': '비밀번호 5회 오류[인터넷뱅킹-계좌비밀번호 오류해제(재등록) 요망]'}"
11:41:12,SKC,BUY,1,133720.0,0.0,"{'rt_cd': '7', 'msg_cd': 'APAC0289', 'msg1': '비밀번호 5회 오류[인터넷뱅킹-계좌비밀번호 오류해제(재등록) 요망]'}"
11:41:14,SKC,SELL(SL),1,130520.0,-3220.0,"{'rt_cd': '7', 'msg_cd': 'APAC0289', 'msg1': '비밀번호 5회 오류[인터넷뱅킹-계좌비밀번호 오류해제(재등록) 요망]'}"
11:41:14,LS ELECTRIC,BUY,1,484180.0,0.0,"{'rt_cd': '7', 'msg_cd': 'APAC0289', 'msg1': '비밀번호 5회 오류[인터넷뱅킹-계좌비밀번호 오류해제(재등록) 요망]'}"
11:41:19,대한전선,SELL(TP),1,26660.0,1910.0,"{'rt_cd': '7', 'msg_cd': 'APAC0289', 'msg1': '비밀번호 5회 오류[인터넷뱅킹-계좌비밀번호 오류해제(재등록) 요망]'}"
11:41:20,SKC,BUY,1,133720.0,0.0,"{'rt_cd': '7', 'msg_cd': 'APAC0289', 'msg1': '비밀번호 5회 오류[인터넷뱅킹-계좌비밀번호 오류해제(재등록) 요망]'}"
11:41:20,LS ELECTRIC,BUY,1,484180.0,0.0,"{'rt_cd': '7', 'msg_cd': 'APAC0289', 'msg1': '비밀번호 5회 오류[인터넷뱅킹-계좌비밀번호 오류해제(재등록) 요망]'}"
11:41:25,대한전선,SELL(TP),1,26660.0,1860.0,"{'rt_cd': '7', 'msg_cd': 'APAC0289', 'msg1': '비밀번호 5회 오류[인터넷뱅킹-계좌비밀번호 오류해제(재등록) 요망]'}"
11:41:25,SKC,BUY,1,133720.0,0.0,"{'rt_cd': '7', 'msg_cd': 'APAC0289', 'msg1': '비밀번호 5회 오류[인터넷뱅킹-계좌비밀번호 오류해제(재등록) 요망]'}"
11:41:25,LS ELECTRIC,BUY,1,484180.0,0.0,"{'rt_cd': '7', 'msg_cd': 'APAC0289', 'msg1': '비밀번호 5회 오류[인터넷뱅킹-계좌비밀번호 오류해제(재등록) 요망]'}"
11:41:30,대한전선,SELL(TP),1,26660.0,1860.0,"{'rt_cd': '7', 'msg_cd': 'APAC0289', 'msg1': '비밀번호 5회 오류[인터넷뱅킹-계좌비밀번호 오류해제(재등록) 요망]'}"
11:41:30,SKC,BUY,1,133720.0,0.0,"{'rt_cd': '7', 'msg_cd': 'APAC0289', 'msg1': '비밀번호 5회 오류[인터넷뱅킹-계좌비밀번호 오류해제(재등록) 요망]'}"
11:41:30,LS ELECTRIC,BUY,1,484180.0,0.0,"{'rt_cd': '7', 'msg_cd': 'APAC0289', 'msg1': '비밀번호 5회 오류[인터넷뱅킹-계좌비밀번호 오류해제(재등록) 요망]'}"
11:41:36,대한전선,SELL(TP),1,26660.0,1860.0,"{'rt_cd': '7', 'msg_cd': 'APAC0289', 'msg1': '비밀번호 5회 오류[인터넷뱅킹-계좌비밀번호 오류해제(재등록) 요망]'}"
11:41:36,SKC,BUY,1,133720.0,0.0,"{'rt_cd': '7', 'msg_cd': 'APAC0289', 'msg1': '비밀번호 5회 오류[인터넷뱅킹-계좌비밀번호 오류해제(재등록) 요망]'}"
11:41:36,LS ELECTRIC,BUY,1,484180.0,0.0,"{'rt_cd': '7', 'msg_cd': 'APAC0289', 'msg1': '비밀번호 5회 오류[인터넷뱅킹-계좌비밀번호 오류해제(재등록) 요망]'}"
11:41:41,대한전선,SELL(TP),1,26660.0,1760.0,"{'rt_cd': '7', 'msg_cd': 'APAC0289', 'msg1': '비밀번호 5회 오류[인터넷뱅킹-계좌비밀번호 오류해제(재등록) 요망]'}"
11:41:41,SKC,BUY,1,133720.0,0.0,"{'rt_cd': '7', 'msg_cd': 'APAC0289', 'msg1': '비밀번호 5회 오류[인터넷뱅킹-계좌비밀번호 오류해제(재등록) 요망]'}"
11:41:41,LS ELECTRIC,BUY,1,484180.0,0.0,"{'rt_cd': '7', 'msg_cd': 'APAC0289', 'msg1': '비밀번호 5회 오류[인터넷뱅킹-계좌비밀번호 오류해제(재등록) 요망]'}"
11:41:46,대한전선,SELL(TP),1,26660.0,1810.0,"{'rt_cd': '7', 'msg_cd': 'APAC0289', 'msg1': '비밀번호 5회 오류[인터넷뱅킹-계좌비밀번호 오류해제(재등록) 요망]'}"
11:41:47,SKC,BUY,1,133720.0,0.0,"{'rt_cd': '7', 'msg_cd': 'APAC0289', 'msg1': '비밀번호 5회 오류[인터넷뱅킹-계좌비밀번호 오류해제(재등록) 요망]'}"
11:41:47,LS ELECTRIC,BUY,1,484180.0,0.0,"{'rt_cd': '7', 'msg_cd': 'APAC0289', 'msg1': '비밀번호 5회 오류[인터넷뱅킹-계좌비밀번호 오류해제(재등록) 요망]'}"
11:41:52,대한전선,SELL(TP),1,26660.0,1760.0,"{'rt_cd': '7', 'msg_cd': 'APAC0289', 'msg1': '비밀번호 5회 오류[인터넷뱅킹-계좌비밀번호 오류해제(재등록) 요망]'}"
11:41:52,SKC,BUY,1,133720.0,0.0,"{'rt_cd': '7', 'msg_cd': 'APAC0289', 'msg1': '비밀번호 5회 오류[인터넷뱅킹-계좌비밀번호 오류해제(재등록) 요망]'}"
11:41:53,LS ELECTRIC,BUY,1,484180.0,0.0,"{'rt_cd': '7', 'msg_cd': 'APAC0289', 'msg1': '비밀번호 5회 오류[인터넷뱅킹-계좌비밀번호 오류해제(재등록) 요망]'}"
11:41:58,대한전선,SELL(TP),1,26660.0,1810.0,"{'rt_cd': '7', 'msg_cd': 'APAC0289', 'msg1': '비밀번호 5회 오류[인터넷뱅킹-계좌비밀번호 오류해제(재등록) 요망]'}"
11:41:58,SKC,BUY,1,133720.0,0.0,"{'rt_cd': '7', 'msg_cd': 'APAC0289', 'msg1': '비밀번호 5회 오류[인터넷뱅킹-계좌비밀번호 오류해제(재등록) 요망]'}"
11:41:58,LS ELECTRIC,BUY,1,484180.0,0.0,"{'rt_cd': '7', 'msg_cd': 'APAC0289', 'msg1': '비밀번호 5회 오류[인터넷뱅킹-계좌비밀번호 오류해제(재등록) 요망]'}"
11:42:03,대한전선,SELL(TP),1,26660.0,1760.0,"{'rt_cd': '7', 'msg_cd': 'APAC0289', 'msg1': '비밀번호 5회 오류[인터넷뱅킹-계좌비밀번호 오류해제(재등록) 요망]'}"
11:42:04,SKC,BUY,1,133720.0,0.0,"{'rt_cd': '7', 'msg_cd': 'APAC0289', 'msg1': '비밀번호 5회 오류[인터넷뱅킹-계좌비밀번호 오류해제(재등록) 요망]'}"
11:42:04,LS ELECTRIC,BUY,1,484180.0,0.0,"{'rt_cd': '7', 'msg_cd': 'APAC0289', 'msg1': '비밀번호 5회 오류[인터넷뱅킹-계좌비밀번호 오류해제(재등록) 요망]'}"
11:42:09,대한전선,SELL(TP),1,26660.0,1810.0,"{'rt_cd': '7', 'msg_cd': 'APAC0289', 'msg1': '비밀번호 5회 오류[인터넷뱅킹-계좌비밀번호 오류해제(재등록) 요망]'}"
11:42:09,SKC,BUY,1,133720.0,0.0,"{'rt_cd': '7', 'msg_cd': 'APAC0289', 'msg1': '비밀번호 5회 오류[인터넷뱅킹-계좌비밀번호 오류해제(재등록) 요망]'}"
11:42:09,LS ELECTRIC,BUY,1,484180.0,0.0,"{'rt_cd': '7', 'msg_cd': 'APAC0289', 'msg1': '비밀번호 5회 오류[인터넷뱅킹-계좌비밀번호 오류해제(재등록) 요망]'}"
11:42:15,대한전선,SELL(TP),1,26660.0,1810.0,"{'rt_cd': '7', 'msg_cd': 'APAC0289', 'msg1': '비밀번호 5회 오류[인터넷뱅킹-계좌비밀번호 오류해제(재등록) 요망]'}"
11:42:15,SKC,BUY,1,133720.0,0.0,"{'rt_cd': '7', 'msg_cd': 'APAC0289', 'msg1': '비밀번호 5회 오류[인터넷뱅킹-계좌비밀번호 오류해제(재등록) 요망]'}"
11:42:15,LS ELECTRIC,BUY,1,484180.0,0.0,"{'rt_cd': '7', 'msg_cd': 'APAC0289', 'msg1': '비밀번호 5회 오류[인터넷뱅킹-계좌비밀번호 오류해제(재등록) 요망]'}"
11:42:20,대한전선,SELL(TP),1,26660.0,1810.0,"{'rt_cd': '7', 'msg_cd': 'APAC0289', 'msg1': '비밀번호 5회 오류[인터넷뱅킹-계좌비밀번호 오류해제(재등록) 요망]'}"
11:42:21,SKC,BUY,1,133720.0,0.0,"{'rt_cd': '7', 'msg_cd': 'APAC0289', 'msg1': '비밀번호 5회 오류[인터넷뱅킹-계좌비밀번호 오류해제(재등록) 요망]'}"
11:42:21,LS ELECTRIC,BUY,1,484180.0,0.0,"{'rt_cd': '7', 'msg_cd': 'APAC0289', 'msg1': '비밀번호 5회 오류[인터넷뱅킹-계좌비밀번호 오류해제(재등록) 요망]'}"
11:42:26,대한전선,SELL(TP),1,26660.0,1810.0,"{'rt_cd': '7', 'msg_cd': 'APAC0289', 'msg1': '비밀번호 5회 오류[인터넷뱅킹-계좌비밀번호 오류해제(재등록) 요망]'}"
11:42:26,SKC,BUY,1,133720.0,0.0,"{'rt_cd': '7', 'msg_cd': 'APAC0289', 'msg1': '비밀번호 5회 오류[인터넷뱅킹-계좌비밀번호 오류해제(재등록) 요망]'}"
11:42:26,LS ELECTRIC,BUY,1,484180.0,0.0,"{'rt_cd': '7', 'msg_cd': 'APAC0289', 'msg1': '비밀번호 5회 오류[인터넷뱅킹-계좌비밀번호 오류해제(재등록) 요망]'}"
11:42:31,대한전선,SELL(TP),1,26660.0,1760.0,"{'rt_cd': '7', 'msg_cd': 'APAC0289', 'msg1': '비밀번호 5회 오류[인터넷뱅킹-계좌비밀번호 오류해제(재등록) 요망]'}"
11:42:31,SKC,BUY,1,133720.0,0.0,"{'rt_cd': '7', 'msg_cd': 'APAC0289', 'msg1': '비밀번호 5회 오류[인터넷뱅킹-계좌비밀번호 오류해제(재등록) 요망]'}"
11:42:31,LS ELECTRIC,BUY,1,484180.0,0.0,"{'rt_cd': '7', 'msg_cd': 'APAC0289', 'msg1': '비밀번호 5회 오류[인터넷뱅킹-계좌비밀번호 오류해제(재등록) 요망]'}"
11:42:36,대한전선,SELL(TP),1,26660.0,1810.0,"{'rt_cd': '7', 'msg_cd': 'APAC0289', 'msg1': '비밀번호 5회 오류[인터넷뱅킹-계좌비밀번호 오류해제(재등록) 요망]'}"
11:42:36,SKC,BUY,1,133720.0,0.0,"{'rt_cd': '7', 'msg_cd': 'APAC0289', 'msg1': '비밀번호 5회 오류[인터넷뱅킹-계좌비밀번호 오류해제(재등록) 요망]'}"
11:42:36,LS ELECTRIC,BUY,1,484180.0,0.0,"{'rt_cd': '7', 'msg_cd': 'APAC0289', 'msg1': '비밀번호 5회 오류[인터넷뱅킹-계좌비밀번호 오류해제(재등록) 요망]'}"
11:42:42,대한전선,SELL(TP),1,26660.0,1810.0,"{'rt_cd': '7', 'msg_cd': 'APAC0289', 'msg1': '비밀번호 5회 오류[인터넷뱅킹-계좌비밀번호 오류해제(재등록) 요망]'}"
11:42:42,SKC,BUY,1,133720.0,0.0,"{'rt_cd': '7', 'msg_cd': 'APAC0289', 'msg1': '비밀번호 5회 오류[인터넷뱅킹-계좌비밀번호 오류해제(재등록) 요망]'}"
11:42:42,LS ELECTRIC,BUY,1,484180.0,0.0,"{'rt_cd': '7', 'msg_cd': 'APAC0289', 'msg1': '비밀번호 5회 오류[인터넷뱅킹-계좌비밀번호 오류해제(재등록) 요망]'}"
11:42:47,대한전선,SELL(TP),1,26660.0,1810.0,"{'rt_cd': '7', 'msg_cd': 'APAC0289', 'msg1': '비밀번호 5회 오류[인터넷뱅킹-계좌비밀번호 오류해제(재등록) 요망]'}"
11:42:47,SKC,BUY,1,133720.0,0.0,"{'rt_cd': '7', 'msg_cd': 'APAC0289', 'msg1': '비밀번호 5회 오류[인터넷뱅킹-계좌비밀번호 오류해제(재등록) 요망]'}"
11:42:48,LS ELECTRIC,BUY,1,484180.0,0.0,"{'rt_cd': '7', 'msg_cd': 'APAC0289', 'msg1': '비밀번호 5회 오류[인터넷뱅킹-계좌비밀번호 오류해제(재등록) 요망]'}"
11:42:52,대한전선,SELL(TP),1,26660.0,1810.0,"{'rt_cd': '7', 'msg_cd': 'APAC0289', 'msg1': '비밀번호 5회 오류[인터넷뱅킹-계좌비밀번호 오류해제(재등록) 요망]'}"
11:42:53,SKC,BUY,1,133720.0,0.0,"{'rt_cd': '7', 'msg_cd': 'APAC0289', 'msg1': '비밀번호 5회 오류[인터넷뱅킹-계좌비밀번호 오류해제(재등록) 요망]'}"
11:42:53,LS ELECTRIC,BUY,1,484180.0,0.0,"{'rt_cd': '7', 'msg_cd': 'APAC0289', 'msg1': '비밀번호 5회 오류[인터넷뱅킹-계좌비밀번호 오류해제(재등록) 요망]'}"
11:42:58,대한전선,SELL(TP),1,26660.0,1810.0,"{'rt_cd': '7', 'msg_cd': 'APAC0289', 'msg1': '비밀번호 5회 오류[인터넷뱅킹-계좌비밀번호 오류해제(재등록) 요망]'}"
11:42:59,SKC,BUY,1,133720.0,0.0,"{'rt_cd': '7', 'msg_cd': 'APAC0289', 'msg1': '비밀번호 5회 오류[인터넷뱅킹-계좌비밀번호 오류해제(재등록) 요망]'}"
11:42:59,LS ELECTRIC,BUY,1,484180.0,0.0,"{'rt_cd': '7', 'msg_cd': 'APAC0289', 'msg1': '비밀번호 5회 오류[인터넷뱅킹-계좌비밀번호 오류해제(재등록) 요망]'}"
11:43:04,대한전선,SELL(TP),1,26660.0,1760.0,"{'rt_cd': '7', 'msg_cd': 'APAC0289', 'msg1': '비밀번호 5회 오류[인터넷뱅킹-계좌비밀번호 오류해제(재등록) 요망]'}"
11:43:04,SKC,BUY,1,133720.0,0.0,"{'rt_cd': '7', 'msg_cd': 'APAC0289', 'msg1': '비밀번호 5회 오류[인터넷뱅킹-계좌비밀번호 오류해제(재등록) 요망]'}"
